3642 5125
792 549 992 620 -3-

335 737 536 822 eundemque
570 746 732 805 auctorem
768 759 841 805 esse
880 738 1084 825 (diligentiae
1119 738 1204 804 enirn
1238 738 1449 822 felicitatique

334 852 507 918 imitatoris
527 852 582 936 qui
601 871 753 934 umquam
770 858 908 937 possunt
926 852 1077 918 constitui
1096 853 1174 918 oerti
1189 852 1317 938 linesi),
1341 859 1449 919 tamen

334 965 473 1031 fortasse
495 965 531 1030 id
552 965 746 1050 perducetur
776 964 818 1030 ad
846 964 1160 1030 uerisimilitudinem
1184 985 1342 1030 summam
1365 985 1450 1032 eam-

334 1099 413 1163 que,
438 1079 642 1160 ultraquam
665 1077 698 1141 in
722 1077 843 1142 talibus
866 1076 1111 1159 quaestionibus
1135 1097 1207 1142 raro
1231 1083 1356 1143 tuntum
1377 1097 1449 1162 pro-

335 1191 427 1274 gredi
450 1191 535 1256 lioet.
560 1191 708 1255 -Tres
732 1195 839 1254 autem
863 1195 972 1273 partes
995 1189 1090 1254 huius
1115 1189 1353 1256 dissertationis
1377 1209 1450 1260 esse

334 1304 433 1370 uolui.
478 1306 562 1370 Nam
591 1303 730 1389 primurn
758 1300 933 1368 uidendum
962 1309 1027 1388 est,
1057 1321 1133 1368 num
1156 1321 1239 1385 quae
1263 1303 1451 1370 diserimina

335 1416 415 1481 artis
450 1415 603 1481 metricae
638 1414 792 1498 cognosci
827 1414 955 1498 possint
989 1414 1073 1480 inter
1105 1415 1231 1499 priores
1266 1415 1384 1482 satiras
1418 1423 1451 1482 ot

335 1528 546 1613 posteriores,
571 1534 638 1591 tum
662 1526 702 1591 de
726 1527 774 1591 eis
797 1526 910 1610 rebus,
936 1545 1019 1608 quae
1042 1527 1204 1611 pertinent
1227 1527 1450 1594 adscribendi

335 1640 493 1705 rationem
517 1640 604 1704 idem
627 1637 862 1721 quaerendum,
887 1637 1039 1722 denique,
1070 1657 1147 1704 num
1170 1639 1312 1724 priorum
1336 1641 1449 1706 satira-

335 1773 405 1817 rum
429 1752 596 1837 seripturis
619 1751 659 1816 de
682 1751 778 1816 rebus
802 1751 924 1816 diuinis
947 1751 1161 1834 humanisque
1185 1755 1364 1820 sententiae
1386 1755 1450 1821 dis-

336 1870 468 1948 orepent
491 1884 562 1928 oum
586 1863 649 1947 eis,
673 1882 755 1945 quas
776 1864 974 1948 posteriores
998 1864 1116 1930 satirae
1140 1865 1314 1933 eontinent.

874 2567 912 2648 1.

425 2765 505 2829 Cum
529 2765 562 2829 in
585 2764 647 2830 hae
669 2764 774 2849 prima
797 2762 1036 2829 dissertationis
1059 2770 1151 2847 parte
1174 2763 1208 2828 id
1228 2764 1288 2828 sim
1309 2772 1448 2850 aeturus,

336 2884 372 2942 ut
394 2878 625 2962 demonstrem,
656 2878 689 2943 in
719 2877 829 2943 satiris
858 2877 908 2942 ed.
938 2876 1032 2943 Ribb.
1061 2878 1094 2941 X
1120 2877 1283 2962 prioribus
1312 2878 1449 2945 eandem

336 2998 437 3056 artem
460 2992 626 3056 metrioam
650 2991 799 3077 reperiri,
835 2997 932 3073 atque
956 2992 990 3056 in
1013 2990 1059 3056 Vl
1081 2990 1230 3076 reliquis,
1262 2991 1450 3075 priusquam

336 3104 508 3188 adipsum
532 3124 600 3169 rem
622 3102 792 3187 aooedam,
816 3103 930 3188 pauois
953 3102 1062 3187 opinio
1086 3104 1252 3186 tangenda
1275 3124 1347 3170 esse
1371 3105 1450 3170 mihi

335 3216 476 3301 uidetur,
501 3236 584 3298 quae
608 3216 636 3281 si
659 3222 745 3281 reete
769 3236 804 3281 se
826 3216 974 3301 haberet,
1006 3216 1109 3281 oleum
1133 3223 1165 3282 et
1189 3237 1320 3301 operam
1344 3218 1449 3303 perdi-

335 3329 472 3415 dissem,
497 3350 568 3395 oum
586 3330 751 3396 quenalis
767 3350 918 3395 uersuum
935 3330 1228 3415 componendorum
1244 3330 1334 3413 leges
1353 3350 1449 3413 quam
1515 3394 1518 3405 ,

335 3443 578 3509 accuratissime
609 3443 766 3527 indagare
797 3442 969 3509 studerem.
1016 3445 1100 3510 Nam
1131 3450 1163 3509 et
1193 3444 1260 3526 legi
1284 3450 1315 3509 et
1338 3443 1449 3510 audiui

305 3643 307 3646 Ι
335 3555 512 3640 interdum,
548 3556 713 3622 quenalis
747 3576 861 3622 uersus
894 3556 1041 3621 reuooari
1076 3577 1140 3622 non
1174 3576 1271 3642 posse
1306 3558 1349 3622 ad
1382 3564 1449 3623 tam

336 3674 439 3732 certas
482 3668 695 3752 definitasque
738 3688 821 3751 quae
863 3668 897 3731 in
940 3688 1012 3733 eum
1053 3668 1258 3752 potissimum
1299 3670 1449 3735 oonueni·

335 3786 422 3864 rent,
452 3780 559 3863 leges,
591 3800 688 3863 quam
715 3780 840 3864 priores
868 3781 1086 3844 Romanorum
1114 3786 1228 3864 poetas
1259 3780 1449 3865 daotylioos,

335 3898 367 3955 et
389 3892 451 3956 hoo
474 3892 504 3957 ei
528 3911 600 3957 esse
624 3911 792 3957 eommuue
823 3910 895 3955 oum
919 3891 1068 3957 omnibus
1091 3892 1305 3977 posteriorum
1328 3899 1448 3977 tempo-

281 4021 289 4037 ·
334 4024 404 4081 rum
434 4006 540 4089 poetis
568 4005 688 4070 latinis.
740 4006 781 4069 Et
811 4025 923 4070 uerum
954 4004 1082 4086 quidem
1112 4012 1176 4090 est,
1209 4005 1293 4069 inter
1322 4012 1448 4091 poetas,

335 4118 390 4201 qui
413 4124 488 4202 post
510 4119 688 4200 Augustum
714 4118 877 4202 aixerunt,
913 4118 999 4200 quod
1030 4118 1146 4184 attinet
1176 4118 1218 4183 ad
1247 4138 1313 4183 rem
1342 4118 1448 4183 metri-

226 4258 233 4275 ·
335 4252 421 4315 oam,
453 4251 518 4295 non
547 4236 639 4295 tanta
669 4249 741 4295 esse
765 4228 969 4314 disorimina,
999 4238 1119 4312 quanta
1142 4230 1299 4314 praebent
1321 4230 1447 4314 Luoilii,

336 4344 462 4429 Catulli,
487 4344 623 4428 Horatii,
647 4342 792 4427 Vergilii,
817 4342 927 4407 Ouidii
952 4362 1073 4407 uersus.
1110 4342 1174 4407 Sed
1196 4342 1298 4407 multa
1314 4348 1447 4427 restant,
1484 4421 1488 4430 Ι

335 4477 418 4540 quae
447 4457 544 4521 huius
574 4457 626 4520 uel
656 4456 744 4520 illius
773 4456 986 4540 posteriorum
1018 4462 1185 4541 poetarum
1217 4455 1283 4520 sint
1305 4456 1447 4541 propria.

1202 4560 1236 4615 1*
