3642 5125
804 556 1027 622 ,33-

519 742 700 813 ostenditque
719 746 808 811 tuum,
827 756 967 812 generose
984 737 1154 810 Britannice,
1172 744 1299 797 uentrem

520 842 550 893 et
567 839 675 893 lassata
692 837 762 893 uiris
781 853 834 892 nec
852 837 919 891 dum
938 836 1041 892 satiata
1058 836 1187 918 recessit.

357 962 454 1024 Dccc
476 960 557 1025 allec
579 961 695 1046 ildriye
719 962 762 1026 iet
784 959 931 1045 duycqcc
953 968 1050 1022 matta
1068 955 1287 1046 Ausfic‘brcaq
1304 983 1365 1026 con
1383 960 1470 1044 ,dcc

357 1100 425 1141 cccc
454 1075 552 1141 echon
582 1075 709 1140 daetcbt
737 1075 807 1138 aad
828 1074 915 1161 folle
937 1096 1020 1159 qauz
1043 1072 1085 1137 ab
1108 1095 1209 1159 ycycc
1232 1074 1295 1138 dec
1321 1075 1390 1140 Tou
1413 1075 1473 1138 dcc

358 1189 540 1274 mdcbtiycc
562 1188 788 1275 Iadiprcation,
813 1187 872 1250 dcc·
895 1187 966 1250 bier
990 1187 1043 1250 dic
1060 1184 1149 1252 Scclc
1164 1187 1341 1251 uucmccbt.
1376 1187 1472 1251 Duae

357 1303 485 1385 lcommt,
510 1303 589 1368 doec
611 1302 696 1366 acob
719 1302 894 1364 133-135
917 1297 1201 1386 (Hipp.-pccccct)
1225 1299 1296 1363 bier·
1312 1299 1402 1364 nicht
1418 1323 1472 1363 cm

359 1413 433 1478 Octc
455 1437 495 1477 zu
517 1415 587 1478 ecio
609 1413 752 1494 cohelet,
783 1412 867 1475 dccc
890 1413 937 1475 im
951 1409 993 1497 ff.
1018 1413 1062 1476 ist
1084 1411 1205 1475 wieder
1226 1433 1288 1476 coc
1310 1411 1473 1476 ccrlctztcc·

301 1507 313 1514 ’
357 1525 477 1590 Scitam
501 1526 555 1589 die
579 1521 687 1588 Rcdc“
713 1534 768 1587 etc.
814 1523 852 1586 In
874 1521 996 1587 talibus
1018 1521 1115 1587 rebus
1138 1543 1204 1587 non
1227 1521 1267 1588 de
1291 1543 1349 1589 suo
1373 1544 1471 1590 seusu

356 1639 492 1723 iudicet,
524 1637 582 1703 sed
605 1637 701 1702 certis
732 1635 931 1718 argumentis
962 1635 1082 1700 nitatur
1110 1634 1156 1720 is,
1186 1634 1241 1717 qui
1269 1635 1303 1700 in
1334 1637 1470 1703 eandem

356 1751 626 1836 uituperationem
641 1747 784 1814 incidere
801 1767 865 1812 non
883 1748 953 1812 uult
970 1757 1067 1830 atque
1082 1746 1298 1834 Heinrichius,
1323 1749 1363 1816 de
1379 1749 1471 1816 cuius

356 1862 556 1935 atbetesibus
572 1861 753 1927 rectissime
769 1860 886 1926 Weber
909 1859 944 1924 in
967 1861 1006 1924 N.
1023 1859 1153 1925 Iabrbb.
1177 1858 1199 1924 f.
1217 1859 1299 1928 Phil.
1323 1882 1353 1926 u.
1370 1862 1469 1928 Paed.

359 1980 442 2044 1841
472 2000 504 2063 p.
530 1978 591 2041 127
618 1996 643 2041 s.
689 1975 751 2040 Hic
780 1975 852 2060 ipse
876 1979 937 2040 sat.
957 1974 1003 2039 VI
1025 1973 1114 2039 locus
1138 1974 1259 2058 optime
1280 1973 1470 2040 foeditatem

357 2090 551 2155 Messalinae
575 2088 736 2173 depingit,
760 2087 809 2153 ita
831 2093 929 2152 utne
952 2105 1035 2151 unus
1056 2085 1185 2168 quidem
1208 2106 1321 2152 uersus
1345 2087 1470 2153 deside-

356 2203 420 2268 rari
448 2202 562 2286 possit.
610 2201 703 2279 Quod
731 2207 839 2266 autem
866 2199 983 2266 attinet
1010 2199 1052 2264 ad
1081 2219 1112 2264 u.
1134 2199 1327 2286 ‚rac-135,
1356 2201 1484 2268 eodem-

356 2314 425 2379 iure
448 2313 620 2379 eiieiuntur
642 2333 681 2378 ao
702 2314 745 2397 H,
771 2313 944 2377 143-148
970 2319 1029 2378 etc.

392 2426 454 2494 VH,
474 2425 522 2479 15:
557 2440 725 2493 quamquam
744 2427 774 2478 et
792 2423 978 2492 Cappadoces
996 2421 1102 2479 faciant
1119 2423 1289 2494 equitesque
1307 2422 1432 2494 Bithyni.
1549 2464 1559 2475 ,

356 2566 449 2628 quem
478 2565 606 2611 uersum
633 2543 771 2625 Pinzger
802 2542 843 2609 de
869 2563 936 2609 uss.
969 2563 1055 2628 spur.
1086 2543 1242 2625 grauibus
1270 2543 1469 2627 argumentis

356 2659 500 2743 spurium
535 2676 608 2721 esse
643 2656 762 2742 euicit,
792 2656 997 2721 Hermannus
1032 2654 1080 2721 its
1114 2675 1244 2723 seruare
1268 2664 1402 2725 conetur
1435 2665 1471 2723 nt

355 2770 494 2836 Asiani
517 2777 551 2837 et
573 2770 741 2854 Bithyni
763 2770 852 2835 locos
875 2774 999 2833 mutent
1022 2774 1054 2834 et
1077 2768 1248 2837 scribatur:
1353 2830 1355 2837 ,

726 2904 832 2960 faciant
850 2904 963 2975 equites
983 2904 1107 2976 Bithyni,

461 3019 629 3073 quamquam
649 3006 679 3057 et
697 3001 787 3070 capp.
805 3000 860 3057 fac.
879 3002 1050 3072 equitesque
1068 3000 1177 3058 Asiani.

355 3122 420 3189 Sed
454 3122 663 3188 nihilominus
697 3127 864 3187 remanent
891 3121 1105 3187 difficultates.
1151 3122 1283 3187 Minime
1306 3122 1391 3187 enim
1415 3142 1468 3187 ue-

353 3235 487 3300 risimile
510 3241 569 3318 est,
592 3240 717 3299 tantum
740 3232 842 3299 fuisse
869 3253 1036 3299 numerum
1059 3233 1225 3299 hominum
1253 3255 1294 3299 ex
1319 3234 1468 3300 omnibus

353 3348 452 3412 Asiae
475 3346 609 3410 minoris
638 3345 787 3430 partibus
809 3346 945 3410 Romam
976 3345 1010 3410 in
1034 3345 1221 3412 seruitutem
1244 3344 1467 3432 abductorum,

352 3466 420 3523 tum
448 3456 719 3523 manumissorum
746 3463 787 3541 et,
815 3463 987 3541 postquam
1019 3457 1143 3539 equites
1166 3456 1245 3523 facti
1268 3464 1352 3544 sunt,
1375 3458 1467 3525 falsis

352 3570 546 3636 testimoniis
568 3590 635 3635 rem
666 3590 758 3635 suam
786 3568 984 3653 augentium.
1024 3571 1136 3652 Neque
1166 3570 1266 3653 igitur
1292 3570 1467 3653 quidquam

352 3683 452 3766 ualet,
480 3683 700 3748 Hermannum
722 3682 794 3765 XV,
819 3680 897 3766 125,
926 3681 982 3747 ubi
1005 3702 1070 3746 non
1093 3682 1198 3747 minor
1220 3682 1388 3749 nationum
1411 3705 1467 3749 nu-

353 3814 460 3860 merus
483 3794 605 3877 insigni
628 3814 701 3859 cum
723 3794 758 3859 ui
783 3794 970 3879 cumuletur,
993 3794 1136 3861 laudare.
1182 3796 1266 3862 Nam
1289 3796 1337 3862 illi
1354 3798 1467 3883 populi

351 3926 387 3971 re
410 3926 489 3972 uera
510 3912 643 3991 propter
666 3926 782 3972 saeuos
799 3926 905 3972 mores
921 3905 991 3971 noti
1009 3913 1109 3973 erant.
1138 3909 1222 3973 Tum
1240 3908 1320 3975 mibi
1337 3910 1466 3993 quidem

353 4018 590 4103 ineptissimum
619 4018 748 4084 uidetur
770 4038 857 4103 esse,
888 4018 1039 4104 Bithynis
1062 4024 1094 4085 et
1118 4020 1368 4107 Cappadocibus
1391 4022 1466 4088 sim-

353 4131 481 4217 pliciter
503 4132 679 4197 nominatis
698 4132 848 4217 Galatas,
872 4153 953 4214 qnos
976 4154 1040 4199 non
1058 4133 1166 4199 minus
1183 4152 1279 4217 quam
1296 4136 1369 4201 illos
1386 4136 1467 4202 Asia

350 4264 410 4308 nos
445 4263 519 4309 esse
553 4245 658 4309 cuiuis
684 4251 794 4309 notum
824 4252 909 4331 erat,
944 4252 1010 4311 tam
1037 4248 1148 4313 multis
1175 4249 1284 4315 uerbis
1311 4247 1465 4331 equites

350 4355 520 4422 Asianos
547 4357 676 4423 altera
703 4352 798 4439 quos
823 4358 928 4423 nudo
958 4357 1131 4423 traducit
1152 4358 1284 4425 Gallia
1305 4360 1386 4451 talo
1409 4380 1464 4445 ap·

350 4469 476 4553 pellari.
512 4468 552 4535 0.
575 4468 710 4535 Iahnius
733 4488 763 4534 u.
790 4468 832 4535 15
853 4469 1013 4552 originem
1033 4469 1166 4537 duxisse
1190 4476 1299 4536 censet
1317 4490 1359 4537 ex
1376 4470 1464 4539 Suet.

547 4576 553 4585 '
1252 4576 1269 4630 3
