3642 5125
820 561 1020 626 „9-

362 758 510 824 bucolica
541 778 674 823 caesura
698 755 938 839 aequabilitalis
970 775 1069 821 causa
1092 754 1212 820 addita.
1258 753 1296 818 in
1319 753 1481 838 prioribus

363 869 473 935 satiris
502 870 637 936 notandi
666 877 740 935 sunt
769 869 804 933 hi
834 888 961 935 uersus:
997 869 1038 953 II,
1058 869 1130 932 146.
1155 869 1209 952 IV,
1232 867 1303 932 120.
1328 869 1382 952 VI,
1408 868 1480 932 192.

362 984 450 1067 VIII,
466 985 538 1049 100.
558 985 632 1048 267.
655 985 714 1066 XI,
729 984 802 1067 133,
826 983 860 1047 in
879 982 1127 1067 posterioribus:
1151 984 1192 1065 X,
1206 983 1281 1047 278.
1304 983 1392 1067 XIV,
1408 983 1480 1047 137.

362 1095 437 1160 242.
468 1097 539 1179 XV,
559 1096 610 1160 04.
637 1097 709 1160 116.
741 1135 783 1142 -
819 1095 1008 1187 singulares
1047 1115 1169 1180 uersus,
1211 1094 1327 1178 quihus
1360 1093 1481 1161 similes

341 1257 345 1262 .
363 1208 450 1292 apud
464 1207 648 1273 quenalem
666 1207 806 1292 reperire
821 1207 940 1292 nequii,
957 1214 1031 1272 sunt-
1047 1209 1088 1291 X,
1103 1208 1184 1272 358:
1209 1207 1277 1289 qui
1302 1205 1479 1291 spatium

363 1319 473 1384 uitae
505 1327 722 1385 extremum
753 1320 862 1384 inter
892 1339 1064 1384 munera
1092 1325 1217 1404 ponat
1249 1324 1281 1383 et
1310 1319 1397 1403 XIV,
1418 1318 1480 1382 108

363 1431 494 1496 inuiti
528 1452 686 1514 quoque
720 1433 947 1498 auaritiam
984 1453 1210 1498 exercere
1242 1432 1480 1498 iubentur·

364 1543 453 1620 Quos
484 1545 565 1610 duos
594 1566 718 1630 uersus,
756 1566 889 1628 quorum
921 1545 1022 1630 pedes
1050 1545 1099 1609 III
1122 1551 1153 1610 et
1177 1545 1222 1609 IV
1253 1545 1339 1610 omni
1371 1552 1482 1612 carent

363 1659 530 1743 incisione,
554 1665 670 1742 poetae
695 1665 843 1724 senectus
867 1657 947 1722 mihi
970 1678 1125 1723 excusare
1149 1657 1285 1724 uidetur.

452 1770 657 1852 Singulorum
687 1791 892 1836 caesurarum
925 1771 1039 1836 eadem
1067 1768 1135 1835 fere
1164 1776 1213 1835 est
1243 1769 1425 1854 frequentia
1447 1773 1481 1838 in

362 1883 524 1968 prioribus
553 1883 662 1948 satiris
693 1889 789 1965 atque
818 1883 852 1948 in
883 1882 1127 1967 posterioribus.
1174 1883 1314 1967 Repperi
1338 1885 1423 1950 enim
1447 1886 1481 1952 in

363 1997 600 2080 quinquagenis
624 1996 772 2062 uersibus
796 1997 967 2062 satirarum

890 2108 1032 2194 priorum
1099 2108 1313 2194 posteriorum

495 2224 742 2290 trithemimeres
833 2245 859 2288 c.
950 2225 993 2289 33
1173 2225 1215 2288 32

496 2336 765 2422 penthemimeres
832 2356 859 2401 c.
950 2337 993 2401 43
1171 2337 1214 2400 43

497 2447 813 2514 11111111111111111
835 2468 861 2512 1.
974 2448 995 2512 1
1195 2448 1216 2512 5

496 2562 786 2647 hephthemimeres
833 2584 859 2628 o.
951 2563 993 2627 32
1172 2562 1216 2626 30

497 2674 662 2741 bucolicas
836 2696 863 2740 c.
954 2675 996 2739 28
1175 2675 1217 2739 28

452 2791 606 2855 Fortasse
634 2809 736 2874 parua
759 2809 841 2871 quae
864 2789 1013 2855 uidemus
1037 2787 1224 2853 discrimina
1247 2788 1330 2854 inter
1353 2788 1478 2872 priores

365 2901 483 2967 satiras
512 2909 544 2967 et
573 2888 768 2987 posteriores
798 2902 893 2986 plane
928 2906 1122 2967 euanescent
1153 2900 1300 2965 omnibus
1331 2900 1480 2966 uersibus

363 3014 397 3079 in
420 3016 577 3081 rationem
599 3016 766 3103 uocatis1).
1198 2992 1203 3012 ⁹

452 3128 666 3194 caesurarum
695 3149 815 3212 earum,
854 3149 937 3211 quae
973 3135 1048 3193 sunt
1084 3135 1158 3213 post
1189 3127 1277 3193 arsin
1305 3126 1335 3192 V
1365 3133 1396 3192 et
1424 3127 1479 3211 VI,

362 3242 504 3307 rationes
527 3240 709 3307 accuratius
731 3242 981 3328 perscrutandas
999 3243 1111 3327 putaui
1136 3264 1207 3307 curn
1231 3240 1316 3325 quod
1339 3239 1390 3305 his
1414 3239 1479 3306 effi-

363 3355 454 3439 citur,
489 3361 524 3419 ut
553 3363 741 3421 accentuum
767 3375 880 3420 uersus
903 3360 935 3421 et
959 3355 1188 3421 uocabulorum
1213 3356 1423 3437 congruentia
1446 3355 1479 3421 in

363 3468 426 3533 fine
449 3467 630 3534 hexametri
644 3468 746 3552 desit,
771 3475 837 3532 tum
860 3468 1001 3533 maxime
1023 3474 1188 3552 permotus
1212 3468 1480 3535 commentatione

364 3582 413 3646 W.
437 3581 585 3665 Kocksii,
615 3600 711 3663 quam
742 3587 817 3646 11111
848 3579 908 3645 111
940 3580 1021 3645 duos
1052 3600 1155 3645 annos
1185 3580 1287 3646 edidit
1314 3582 1348 3647 in
1371 3603 1478 3668 progr.

364 3715 472 3779 gymn.
502 3692 701 3759 Frid.-Guil.
733 3692 946 3758 Coloniensis.
1001 3693 1204 3778 Comparatis
1234 3694 1338 3778 poetis
1370 3694 1480 3780 dacty-

439 3944 460 4016 1)
479 3944 527 4001 Sin
545 3949 640 4000 autem
659 3945 819 4001 discrimina
837 3946 976 4015 quaedam
995 3946 1079 4001 etiam
1099 3949 1157 3999 tum
1177 3950 1330 4014 manerent,
1349 3945 1402 3999 hoc
1420 3946 1479 4000 nul·

364 4036 418 4090 lius
438 4050 503 4090 esse
522 4035 655 4089 momenti
675 4051 710 4089 cx
729 4050 763 4089 eo
783 4035 914 4103 cernitur,
934 4036 1012 4105 quod
1030 4036 1104 4090 inter
1120 4036 1229 4104 priores
1247 4050 1360 4105 quoque
1377 4035 1479 4090 satiras

364 4141 398 4180 11
415 4140 471 4178 nou
497 4123 610 4178 desunt.
648 4123 677 4179 si
703 4124 823 4192 exempli
848 4140 935 4179 causa
958 4140 1152 4193 comparamus
1178 4129 1244 4179 satt.
1263 4124 1284 4192 I,
1303 4124 1339 4193 II,
1357 4125 1397 4178 III
1417 4141 1479 4179 cum

363 4214 412 4282 IV,
423 4214 458 4281 V,
470 4214 518 4282 VI,
532 4213 618 4268 hosce
637 4212 804 4268 habebimus
816 4229 868 4281 per
880 4214 1095 4283 quinquagenos
1109 4230 1204 4269 earum
1218 4230 1320 4269 uersus
1331 4228 1478 4269 numeros:

594 4303 670 4357 trith.
778 4302 875 4371 penth.
949 4303 1113 4358 terttroch.
1158 4303 1274 4373 hephth.
1378 4304 1442 4359 buc.

398 4392 520 4445 I-lII:
610 4393 646 4447 35
806 4391 841 4443 42
1019 4392 1036 4446 5
1195 4393 1230 4447 33
1390 4392 1425 4445 27

397 4479 530 4537 IV—VI:
608 4482 642 4537 31
803 4480 839 4535 45
1017 4481 1034 4536 5
1194 4480 1230 4537 30
1389 4480 1423 4535 27
