3642 5125
818 535 1115 624 --rs--¹

1713 165 1714 188 t

370 717 456 799 quod
488 738 599 784 omnes
635 719 831 804 posteriores
862 721 982 786 satirae
1017 721 1094 786 indo
1125 722 1166 787 ab
1197 723 1246 786 XI
1277 721 1486 807 epistolarum

281 911 286 920 1
370 830 512 914 speciem
540 852 619 916 prae
651 851 686 898 se
708 830 825 897 ferunt.
871 833 944 910 Qua
972 834 1006 898 in
1030 855 1064 899 re
1088 854 1167 899 sane
1192 835 1353 901 offendere
1376 855 1486 920 posse·

257 1011 259 1015 ,
369 962 451 1027 mus,
474 943 539 1008 nisi
562 964 635 1009 eam
657 943 763 1028 ipsam
786 943 923 1010 formam
947 966 1018 1011 cum
1037 947 1202 1012 quenalis
1218 947 1327 1012 indole
1346 947 1487 1013 maxime

1710 1597 1714 1626 l

369 1057 614 1122 conuenientem
643 1077 716 1123 esse
745 1058 1012 1143 perspiceremus,
1044 1061 1077 1123 X
1104 1059 1247 1144 priorum
1276 1066 1383 1125 autern
1411 1061 1486 1126 sati-

369 1189 477 1235 rarum
500 1190 565 1234 non
589 1170 692 1235 solum
716 1177 747 1235 et
770 1171 849 1235 VIII
872 1170 1044 1256 epistolam
1068 1171 1110 1236 ad
1128 1171 1296 1236 Ponticum
1321 1171 1430 1236 datam
1454 1179 1487 1236 et

370 1283 412 1367 V,
436 1283 545 1365 Vane
571 1282 619 1348 ita
646 1303 719 1348 esse
742 1282 897 1367 scriptas,
929 1290 963 1347 ut
985 1283 1149 1348 quenalis
1172 1283 1207 1348 in
1230 1284 1286 1348 illa
1309 1283 1485 1349 identidem

369 1395 523 1460 Trebium
548 1394 706 1480 clientem,
730 1395 764 1460 in
786 1395 849 1461 hac
868 1396 1033 1462 Vrsidium
1049 1397 1237 1462 Postumum
1258 1397 1387 1481 saepius
1409 1397 1485 1462 allo-

369 1515 494 1593 quatur,
518 1508 577 1574 sed
599 1509 698 1574 etiam
720 1508 755 1573 in
777 1509 909 1591 reliquis
940 1509 1049 1574 satiris
1072 1511 1231 1594 permulta
1253 1511 1370 1593 inesse,
1402 1530 1485 1592 <quae

212 1666 219 1695 ,
332 1680 334 1689 ,
369 1620 456 1686 haud
478 1621 526 1687 ita
548 1620 679 1686 multum
704 1621 879 1687 abhorrent
902 1621 944 1686 ab
964 1621 1173 1706 epistolarum
1190 1621 1302 1687 forma.
1338 1622 1380 1686 Vt
1400 1622 1483 1687 eninr
1590 1651 1592 1654 ·

369 1733 500 1798 Persius
523 1753 693 1818 sempera
716 1754 751 1798 re
773 1733 943 1818 proposita
966 1733 1120 1799 aberrans
1141 1733 1175 1797 in
1196 1733 1365 1799 sententiis
1390 1742 1500 1817 gene-⁸

369 1845 492 1912 ralibus
516 1853 548 1912 et
571 1869 591 1912 a
613 1847 710 1913 rebus
732 1848 818 1913 ueris
840 1847 973 1912 remotis
991 1854 1138 1932 uagatur,
1162 1847 1208 1912 ita
1225 1847 1388 1912 quenalis
1412 1868 1482 1912 eam

369 1977 446 2043 rom,
487 1957 528 2023 de
558 1980 624 2041 qua
650 1960 738 2042 loqui
768 1959 899 2044 incepit,
940 1979 1004 2024 non
1034 1959 1130 2044 plane
1161 1959 1312 2040 relinquit
1335 1960 1484 2042 idemque

368 2090 433 2134 non
456 2070 490 2134 in
513 2071 699 2137 uniuersum
722 2071 803 2136 uitia
822 2071 964 2136 humana
983 2070 1145 2155 insectari,
1169 2091 1234 2136 non
1257 2077 1359 2136 totum
1383 2089 1484 2153 genus
1670 2138 1676 2153 ,

368 2182 543 2247 humanum
570 2191 627 2249 aut
655 2183 810 2268 populum
841 2186 1022 2249 Romanum
1046 2183 1208 2266 castigare
1237 2185 1326 2268 solet,
1363 2184 1421 2249 sed
1450 2183 1484 2248 in
1573 2226 1575 2229 -

369 2296 499 2379 singula
520 2295 603 2362 uitia
625 2297 825 2379 singulorum
848 2303 904 2362 aut
927 2298 1030 2382 partis
1048 2299 1185 2363 alicuius
1208 2297 1373 2362 hominum
1396 2297 1483 2362 inue-

368 2407 463 2473 hitur.
520 2408 684 2473 Interdum
726 2409 838 2494 etiam,
876 2417 911 2474 ut
948 2409 1029 2475 uitia
1066 2409 1225 2493 quaedam
1265 2417 1392 2496 carpat,
1442 2409 1482 2476 ab

367 2520 464 2586 unius
485 2519 636 2607 hominis,
660 2541 755 2603 quem
777 2521 834 2587 illa
851 2521 969 2587 damno
988 2523 1175 2607 affecerunt,
1199 2521 1389 2588 condicione
1412 2541 1482 2607 pro-

366 2632 471 2698 fectus
495 2654 620 2719 semper
644 2635 686 2701 ad
704 2656 775 2700 eam
791 2636 934 2701 recurrit.
971 2635 1015 2722 (u.
1036 2642 1109 2701 satt.
1130 2638 1189 2721 ΠΙ,
1206 2638 1264 2721 IX,
1285 2635 1391 2722 XIII).
1423 2636 1483 2699 Hic

368 2753 424 2813 aut
453 2748 525 2833 ipse
555 2748 649 2830 quasi
678 2747 713 2812 in
742 2747 882 2832 epistola
909 2747 1071 2813 hominem
1094 2748 1184 2813 illum
1207 2747 1383 2815 identidem
1407 2747 1483 2812 allo-

368 2860 474 2942 quitur
497 2860 616 2946 (XIH),
651 2866 707 2925 aut
741 2880 813 2925 oum
848 2880 887 2925 eo
923 2860 1113 2943 colloquitur
1136 2861 1223 2949 (IX),
1259 2867 1315 2927 aut
1349 2880 1384 2925 se
1414 2859 1483 2925 eius

368 2974 546 3040 orationem
575 2974 758 3039 audientem
786 2973 880 3055 fingit
908 2974 994 3059 (III).
1042 2974 1181 3059 Saepius
1212 2994 1278 3057 sos,
1302 2972 1342 3037 de
1366 2972 1482 3054 quibus

368 3104 439 3149 curn
469 3086 609 3151 maxime
636 3106 741 3151 sermo
770 3092 829 3168 est,
872 3085 1055 3170 alloquitur,
1096 3085 1222 3151 duobus
1250 3091 1375 3151 tantum
1403 3085 1483 3149 locis

367 3198 481 3281 paucis
515 3198 624 3263 uerbis
660 3217 766 3262 nouae
801 3196 931 3263 dicendi
969 3196 1093 3263 formae
1129 3198 1341 3283 explicandae
1375 3196 1482 3280 gratia

367 3310 572 3395 praemissis:

437 3450 473 3518 V,
492 3450 559 3505 107:
619 3448 675 3518 ipsi
693 3464 785 3518 pauca
802 3448 896 3516 velim,
916 3446 1026 3502 facilem
1047 3448 1070 3503 si
1088 3446 1226 3516 praebeat
1244 3460 1351 3500 aurem:

438 3546 514 3616 XIV,
533 3545 600 3599 210:
619 3544 724 3599 talibus
742 3545 895 3599 instantem
914 3543 1028 3599 moultis
1048 3558 1253 3613 quemcumque
1271 3544 1416 3611 parentem

620 3638 662 3694 sic
679 3654 794 3707 possem
814 3637 920 3693 adfari:
940 3638 1010 3714 ,dia
1029 3654 1045 3692 o
1065 3631 1245 3706 vanissIme“,
1264 3640 1316 3691 etc.

367 3760 448 3825 Aliis
470 3760 616 3845 pluribus
637 3760 719 3825 locis
749 3759 858 3825 statim
881 3780 922 3825 ex
945 3759 1041 3824 tertia
1063 3778 1203 3843 persona
1227 3756 1344 3822 transit
1367 3755 1407 3821 ad
1434 3774 1480 3819 so-

367 3873 522 3938 cundam:
555 3873 677 3958 1,142.
705 3873 747 3956 Π,
768 3873 798 3936 9.
824 3872 876 3936 61.
905 3872 946 3935 X.
967 3871 1040 3935 166.
1069 3870 1157 3953 XIV,
1178 3870 1250 3933 131.
1283 3869 1356 3933 166.
1408 3870 1480 3932 Per-

365 3985 475 4050 multis
504 3985 594 4068 locis,
624 3984 722 4049 etiam
757 4004 867 4049 earum
902 3982 1084 4067 satirarum,
1122 3981 1239 4063 quibus
1271 3980 1480 4065 epistolarum

365 4098 501 4163 formam
525 4097 623 4181 dedit,
645 4116 711 4161 non
734 4115 805 4160 cum
831 4094 1011 4180 alloquitur,
1041 4094 1082 4159 ad
1106 4113 1200 4176 quem
1224 4112 1369 4175 eaquae
1392 4098 1479 4157 antc-

366 4209 484 4275 ccdunt
507 4216 662 4295 spectant,
686 4207 744 4273 sed
762 4208 918 4272 simulans
940 4227 974 4272 se
994 4228 1065 4272 curn
1082 4206 1210 4270 homine
1227 4206 1370 4288 quolibet
1386 4204 1480 4269 collo-

366 4322 431 4406 qui,
455 4322 562 4386 subito
586 4320 728 4385 secunda
739 4321 837 4384 utitur
848 4339 1005 4403 persona:
1027 4321 1052 4403 I,
1067 4321 1118 4383 73.
1144 4319 1195 4383 91.
1220 4319 1262 4401 II,
1277 4318 1328 4383 66.
1354 4318 1412 4401 ΙΠ,
1427 4316 1478 4379 66.

366 4436 405 4518 V,
424 4431 477 4496 25.
504 4434 559 4516 VI,
583 4433 653 4496 192.
683 4432 772 4515 VIII,
792 4430 845 4493 40.
871 4429 924 4493 95.
955 4431 997 4513 X,
1015 4431 1066 4495 90.
1101 4430 1172 4494 189.
1205 4431 1279 4495 205.
1305 4431 1379 4495 310.
1404 4430 1480 4494 329.
