3642 5125
808 519 1030 582 „27-

358 697 532 781 potuerint,
560 717 674 762 uersus
697 698 796 780 igitur
820 706 988 784 suspectos
1011 701 1053 765 ab
1077 701 1124 765 eis
1148 701 1283 786 laudari,
1307 702 1388 768 nibil
1411 703 1475 766 nisi

357 814 425 872 tum
447 809 481 873 in
498 811 663 876 quenalis
687 812 797 878 satiris
821 833 877 877 eos
897 833 969 878 esse
986 813 1086 879 lectos
1106 813 1313 880 demonstret.
1344 815 1476 880 Scholia

357 922 487 1003 quidem
510 925 681 990 nonnullos
705 946 818 991 uersus
840 926 1101 1011 interpretantur,
1126 927 1180 1009 qui
1199 927 1275 1008 quin
1289 927 1390 1011 spurii
1411 927 1476 991 sint

357 1034 500 1100 dubitari
523 1037 644 1117 nequit.
679 1040 897 1103 Transeamus
913 1038 1012 1120 igitur
1030 1038 1072 1103 ad
1096 1039 1237 1103 breuiter
1258 1038 1475 1104 recensendos

357 1166 471 1212 uersus
494 1169 515 1212 a
538 1149 718 1214 Ribbookio
741 1150 888 1215 quenali
913 1147 1098 1232 abrogatos.

428 1284 450 1352 I,
470 1284 518 1337 14:
556 1291 707 1353 exspectes
727 1286 825 1340 eadem
846 1303 863 1340 a
881 1302 989 1340 summo
1010 1286 1179 1356 minimoque
1198 1291 1292 1354 poeta.

357 1402 419 1466 etsi
436 1401 549 1467 deesse
563 1410 680 1487 potest,
704 1411 811 1469 tamen
832 1405 875 1470 ad
900 1405 1126 1470 antecedentia
1145 1425 1263 1470 nouum
1289 1405 1367 1488 quid
1385 1405 1476 1470 addit

358 1536 460 1598 eaque
488 1516 679 1598 gradatione
702 1518 853 1582 cumulat.
888 1515 928 1582 cf.
952 1518 1023 1602 VII,
1052 1517 1124 1582 154.
1153 1518 1228 1602 XII,
1250 1517 1302 1602 55,
1330 1518 1359 1581 6.
1384 1517 1475 1601 XIII,

360 1630 423 1693 183
447 1635 506 1693 515.
514 1629 539 1712 ¹)

392 1768 414 1834 Ι,
435 1767 526 1836 137,8;
552 1783 616 1819 narn
635 1767 670 1821 de
692 1772 735 1820 tot
753 1767 876 1836 pulchris
896 1772 926 1821 et
944 1761 1008 1822 latis
1029 1766 1145 1821 orbibus
1164 1771 1194 1820 et
1212 1770 1268 1819 tarn

554 1861 677 1930 antiquis
697 1879 753 1916 una
772 1863 923 1916 comedunt
941 1863 1108 1931 patrimonia
1126 1878 1232 1917 mensa.

357 2001 422 2045 non
445 1981 552 2062 magis
575 1983 718 2067 suspecti
742 2003 814 2047 esse
838 1989 984 2068 possunt,
1008 2003 1104 2064 quarn
1127 1985 1198 2068 VII,
1220 1985 1272 2068 77,
1294 1983 1324 2048 8.
1347 1983 1411 2047 194
1432 2003 1475 2048 ss.

146 2145 157 2160 .
259 2187 262 2191 1
358 2096 445 2176 VIII,
467 2095 519 2158 73.
543 2094 584 2177 Χ,
605 2095 679 2158 303.
712 2095 785 2178 XII,
804 2096 847 2159 36
871 2102 931 2160 515.
979 2095 1178 2180 Saepissime
1202 2095 1287 2161 onim
1310 2095 1477 2160 quenalis

358 2227 478 2291 eorum,
509 2227 593 2288 quae
616 2207 704 2292 dicit,
736 2228 867 2273 causam
890 2209 992 2293 affert,
1023 2229 1105 2291 quae
1129 2209 1157 2273 si
1181 2209 1320 2292 abesset,
1344 2207 1476 2272 minime

359 2341 431 2385 earn
451 2320 664 2385 desiderares.
696 2319 747 2385 Ad
765 2321 921 2405 pluralem
947 2323 1162 2388 comedunt
1185 2321 1291 2388 facilis
1309 2341 1350 2385 ex
1372 2319 1475 2384 iace-

359 2433 424 2498 bis
456 2439 506 2497 est
532 2432 697 2516 transitus,
729 2433 820 2497 cuius
843 2434 944 2498 multa
968 2434 1033 2498 alia
1056 2434 1205 2518 exempla
1227 2439 1364 2517 possunt
1386 2433 1474 2498 inue-

358 2545 437 2611 niri:
462 2566 491 2611 u.
516 2547 557 2630 ΙΙ,
574 2547 646 2630 lod,
668 2547 698 2611 7.
722 2548 793 2631 VII,
814 2548 889 2631 229,
909 2547 984 2630 237,
1005 2547 1080 2611 242.
1104 2547 1162 2631 IX,
1178 2545 1240 2611 105
1264 2550 1324 2611 etc.
1371 2543 1476 2611 Orbas

358 2659 492 2745 pretiosi
515 2669 547 2725 et
570 2660 727 2742 singulari
756 2667 825 2725 arte
853 2659 932 2724 facti
955 2660 1013 2744 XI,
1039 2660 1102 2723 122
1125 2660 1350 2725 describuntur
1373 2680 1477 2743 neque

358 2773 414 2857 ibi,
438 2773 515 2854 quin
538 2774 638 2837 uerbo
667 2772 774 2837 latus
797 2772 988 2854 magnitudo
1012 2771 1209 2853 significetur
1233 2792 1353 2855 eorum,
1385 2771 1476 2836 ornit-

359 2884 445 2949 titur.
469 2923 513 2931 —
534 2884 688 2949 Eiusdem
712 2884 841 2966 generis
864 2890 960 2965 atque
984 2883 1036 2948 hic
1058 2884 1147 2949 locus
1171 2890 1246 2948 sunt
1269 2884 1356 2969 VIII,
1377 2884 1430 2967 54,
1445 2883 1476 2949 5.

359 2998 417 3081 XI,
433 2999 506 3062 161.
528 2996 712 3079 176-178,
736 3015 816 3077 quos
835 3016 947 3061 omnes
959 2996 1053 3061 Ribb.
1072 3016 1136 3060 non
1156 2996 1278 3061 maiore
1297 2995 1366 3061 iure
1380 2996 1477 3061 elicit.

388 3135 424 3202 ΙΙ,
444 3134 537 3203 102,3;
556 3149 604 3188 res
623 3132 802 3187 memoranda
820 3133 903 3187 nouis
923 3133 1068 3188 annalibus
1088 3140 1175 3204 atque
1193 3132 1300 3189 recenti

557 3227 683 3295 historia,
703 3229 848 3296 speculum
867 3228 958 3283 ciuilis
978 3229 1087 3283 sarcina
1105 3228 1180 3283 belli.

361 3354 486 3413 tantum
514 3348 617 3432 abest,
649 3354 684 3411 ut
712 3346 917 3429 glossematis
949 3347 1090 3431 speciem
1120 3368 1198 3431 prae
1230 3368 1264 3412 se
1293 3347 1407 3431 ferant,
1444 3354 1479 3412 ut

362 3480 488 3524 summa
516 3480 624 3524 eorum
656 3457 762 3523 ironia
792 3478 848 3523 eos
879 3466 910 3523 et
941 3459 1039 3523 totius
1069 3458 1132 3523 loci
1155 3458 1268 3524 habitu
1291 3459 1478 3545 aptissimos

362 3572 478 3639 reddat
512 3580 544 3637 et
577 3592 642 3636 non
682 3570 932 3655 interpolatoris,
978 3571 1035 3636 sod
1069 3571 1173 3655 ipsius
1207 3571 1371 3637 quenalis
1407 3591 1479 3638 esse

364 3685 523 3750 ostendat.
570 3685 634 3749 Aut
665 3658 723 3768 pro
753 3682 968 3767 appositione,
998 3683 1055 3767 eis,
1088 3704 1171 3765 quae
1193 3684 1400 3769 praecedunt,
1424 3684 1479 3750 ad-

362 3798 448 3863 iacta
477 3798 610 3882 habeas,
647 3804 702 3863 aut
732 3797 866 3862 uerbum
895 3797 1018 3861 finitum
1051 3796 1165 3863 deesse
1189 3796 1395 3863 statuendum
1420 3803 1478 3882 est,

364 3909 451 3991 quod
474 3910 667 3994 saepissime
690 3930 748 3993 per
772 3929 882 3973 omues
906 3908 1024 3974 satiras
1047 3916 1149 3974 notes.

440 4096 460 4167 ¹)
480 4096 510 4150 Si
528 4096 574 4151 bic
592 4100 625 4149 ut
646 4096 673 4149 in
690 4096 732 4151 eis
745 4112 869 4165 quoque,
888 4112 962 4165 quae
978 4097 1104 4165 proxime
1118 4101 1260 4166 secuntur,
1280 4097 1363 4151 etiam
1381 4103 1476 4166 poste-

365 4188 468 4241 riorum
495 4186 642 4240 satirarum
669 4202 771 4241 uersus
795 4186 895 4255 laudo,
919 4186 1019 4241 uideor
1043 4186 1109 4239 mihi
1131 4186 1160 4239 id
1178 4186 1237 4241 iure
1258 4186 1379 4255 quodam
1400 4203 1480 4241 assu-

365 4291 457 4344 mere,
485 4292 547 4330 cum
566 4291 616 4329 eas
634 4291 690 4328 non
709 4276 876 4343 posterioris
896 4276 1033 4344 temporis
1057 4276 1290 4345 declamationes,
1314 4276 1365 4331 sed
1388 4276 1479 4345 ipsius
1560 4288 1562 4291 '

365 4364 509 4419 quenalis
534 4364 636 4419 satiras
661 4380 740 4433 esse,
768 4364 870 4433 partim
894 4364 949 4418 iam
975 4364 1198 4419 demonstratum
1226 4380 1291 4419 esse
1309 4364 1412 4435 partim
1431 4365 1473 4421 eis

367 4470 441 4523 qnae
460 4458 602 4523 secuntur,
623 4453 846 4510 demonstratum
864 4454 898 4508 iri
916 4458 1021 4523 putem.
1349 4521 1362 4554 ὃ
