3642 5125
792 500 1013 564 ,44-

431 685 546 749 Restat
559 703 653 768 nunc,
677 690 712 748 ut
723 702 927 768 quaeramus,
950 703 1026 747 num
1040 682 1080 748 de
1097 682 1193 748 rebus
1210 682 1361 748 humanis
1378 682 1461 748 inter

342 796 467 880 priores
490 796 609 862 satiras
633 802 665 862 et
686 797 883 881 posteriores
901 795 1063 860 dissensio
1091 794 1279 861 intercedat.
1316 794 1410 873 Quod
1426 801 1461 861 ut

342 908 448 974 adhuc
469 930 563 974 nemo
584 908 758 993 contendit,
781 909 829 974 ita
847 909 927 973 mihi
943 910 1125 974 accuratius
1143 909 1261 974 satiras
1280 909 1460 994 perlegenti
1487 917 1489 922 ’

342 1025 467 1084 tantum
479 1021 582 1105 abest,
603 1028 638 1086 ut
652 1020 815 1087 diuersum
832 1021 944 1086 harum
959 1041 1031 1087 esse
1047 1028 1209 1086 auctorem
1224 1026 1321 1104 atque
1332 1022 1459 1087 illarum

342 1131 376 1196 in
399 1133 612 1218 suspitionem
635 1133 774 1217 uenerit,
798 1140 847 1217 ut,
871 1133 900 1198 si
923 1133 1007 1199 aliae
1032 1153 1151 1199 causae
1176 1153 1247 1198 eam
1271 1133 1458 1218 mouissent,

341 1244 410 1310 iure
434 1264 475 1310 ea
488 1244 563 1329 ipsa
581 1265 633 1312 res
650 1246 766 1310 summi
780 1246 823 1311 ad
841 1267 912 1312 eam
932 1245 1182 1331 oppugnandam
1195 1246 1349 1312 momenti
1361 1253 1457 1312 esset.

343 1357 381 1422 ld
405 1358 491 1440 quod
515 1358 707 1444 saepissime
731 1366 763 1423 et
781 1367 815 1423 ut
838 1359 978 1423 maxime
999 1357 1067 1423 eius
1085 1357 1251 1444 proprium
1272 1377 1459 1423 commemo-

342 1476 440 1554 ratur,
460 1490 619 1536 summum
631 1471 701 1536 eius
713 1471 747 1536 in
764 1472 915 1536 mulieres
932 1470 1114 1536 estodium.
1150 1472 1262 1552 Neque
1274 1470 1459 1537 VI'tantum

343 1583 444 1649 satiro
460 1584 589 1648 unicum
613 1583 682 1649 eius
709 1590 759 1649 est
781 1583 1010 1668 testimonium,
1036 1583 1094 1648 sed
1116 1582 1266 1667 permulti
1283 1589 1460 1649 ceterarum

342 1715 469 1778 quoque
488 1696 659 1762 satirarum
674 1696 747 1781 loci,
767 1697 822 1761 ubi
838 1703 870 1762 et
886 1697 920 1761 iu
934 1697 1134 1779 singularum
1145 1695 1336 1762 seminarum
1356 1695 1459 1760 malos
1476 1782 1478 1785 v

342 1828 447 1873 mores
460 1809 499 1893 (I,
512 1810 565 1873 22.
579 1810 631 1874 69.
650 1810 692 1894 11,
706 1811 749 1874 36
762 1829 805 1875 ss.
818 1811 861 1874 68
873 1829 917 1875 ss.
930 1811 1019 1892 VIII,
1035 1811 1106 1875 130.
1119 1810 1177 1893 XI,
1193 1809 1255 1874 186
1269 1827 1312 1873 ss.
1329 1809 1370 1891 X,
1384 1808 1458 1872 220.

342 1921 417 1984 224.
441 1921 529 2005 XIV,
542 1921 586 1985 25
604 1921 662 2008 ss.)
686 1929 718 1987 et
740 1922 774 1986 in
797 1921 895 1986 totius
919 1921 1047 2004 generis
1069 1921 1264 2005 pronitatem
1286 1921 1456 1986 inuehitur.

343 2034 382 2118 (I,
402 2034 455 2098 39.
485 2033 538 2098 55.
568 2035 627 2118 III,
643 2035 697 2099 45.
726 2036 768 2120 X,
787 2037 849 2100 321
876 2055 920 2100 ss.
945 2037 1019 2100 328.
1054 2037 1146 2120 XIII,
1168 2037 1256 2122 191.)
1303 2035 1368 2101 Sed
1398 2035 1459 2100 hoc

344 2164 442 2208 unum
466 2151 590 2209 tantum
619 2153 669 2212 est
691 2167 795 2229 neque
818 2147 865 2213 ita
886 2148 997 2229 magni
1021 2148 1183 2232 momenti,
1209 2148 1236 2213 si
1263 2147 1457 2233 consideres,

343 2263 375 2322 et
403 2256 437 2321 in
465 2257 628 2342 prioribus
656 2266 688 2325 et
715 2259 749 2324 in
777 2259 1010 2344 posterioribus
1040 2260 1149 2326 satiris
1172 2259 1282 2326 multis
1305 2261 1339 2326 in
1363 2260 1458 2326 rebus
1510 2289 1512 2295 ·

342 2368 428 2434 idem
459 2369 604 2436 eiusdem
635 2365 751 2456 poetae
773 2373 950 2457 ingenium,
979 2372 1064 2438 idem
1089 2373 1229 2438 studium
1253 2380 1350 2456 atque
1372 2395 1458 2439 amo·

342 2502 420 2567 rem,
447 2481 534 2547 idem
561 2482 670 2548 odium
697 2505 863 2570 apparere.
909 2485 1036 2568 Vbique
1067 2485 1153 2550 enirn
1182 2505 1254 2550 eum
1280 2486 1383 2551 uirum
1407 2507 1456 2552 oo·

343 2596 546 2682 gnosoimus,
588 2618 683 2681 quem
717 2600 844 2666 ardenti
871 2621 996 2665 morum
1024 2606 1120 2682 atque
1148 2600 1364 2685 simplicitatis
1394 2599 1456 2684 pri-

342 2728 468 2773 scorum
491 2712 709 2775 Romanorum
736 2712 950 2777 admiratione
980 2712 1147 2797 impletum
1174 2734 1237 2777 nou
1270 2713 1373 2779 solum
1396 2714 1456 2777 Ro-

341 2841 508 2887 manorum
540 2824 590 2889 sui
618 2824 773 2908 temporis
795 2825 877 2891 uitia
900 2845 1026 2891 summa
1054 2825 1278 2907 indignatione
1301 2824 1455 2907 afficiunt,

341 2934 400 2998 sed
429 2935 526 2999 etiam
555 2935 589 2999 id
620 2936 727 3020 ipsum
754 2957 819 3002 non
847 2936 1015 3004 serendum
1044 2938 1074 3004 ei
1103 2938 1229 3004 uidetur
1257 2956 1339 3022 esse,
1370 2937 1456 3020 quod

340 3052 416 3111 ante
440 3048 548 3113 omnia
568 3047 763 3115 Graecorum
785 3050 1059 3131 barbarorumque
1084 3050 1240 3115 uictorum
1265 3070 1370 3116 mores
1392 3069 1457 3115 una

341 3179 413 3223 cum
436 3180 546 3225 eorum
569 3160 694 3226 diuitiis
713 3163 848 3227 Romam
872 3161 1002 3227 aduecti
1017 3163 1122 3245 magis
1144 3162 1313 3245 magisque
1331 3162 1456 3229 animos

340 3294 362 3339 a
383 3273 541 3339 maiorum
564 3274 737 3340 uirtutibus
760 3274 1044 3341 abalienauerunt:

393 3386 470 3457 XIV,
488 3387 541 3443 188
913 3389 1064 3459 peregriua
1082 3389 1236 3459 ignotaque
1255 3387 1338 3443 uobis

553 3482 590 3538 au
609 3484 703 3539 scelus
722 3488 808 3553 atque
828 3483 918 3554 nefas,
938 3500 1133 3555 quaecumque
1154 3488 1207 3553 est,
1225 3500 1351 3553 purpura
1369 3482 1454 3537 ducit.

340 3584 374 3642 et
396 3578 457 3663 Vl,
476 3579 541 3643 292
565 3599 608 3645 ss.

500 3705 574 3744 nunc
591 3690 713 3758 patimur
730 3691 832 3760 longae
851 3691 930 3759 pacis
948 3692 1029 3760 mala,
1050 3691 1162 3747 saequr
1181 3690 1266 3746 armis

498 3785 609 3839 luxuria
625 3784 752 3840 iueubuit
769 3785 933 3855 ulctumque
952 3786 1095 3841 ulciscitur
1114 3784 1218 3840 orbem.

498 3880 604 3934 nullum
623 3880 726 3933 crimen
745 3879 827 3935 abest
845 3879 1014 3949 facinusque
1034 3879 1165 3947 libidinis,
1185 3894 1221 3933 ex
1242 3896 1298 3949 quc

498 3964 653 4042 paupertas
672 3975 798 4029 Romana
816 3976 898 4043 perit,
917 3970 981 4030 hiue
999 3975 1081 4029 fluxit
1100 3976 1135 4029 ud
1154 3976 1227 4033 istos

499 4074 529 4124 ct
547 4068 665 4139 Sybaris
684 4070 778 4132 colles.
798 4070 862 4124 lrino
880 4076 910 4125 et
928 4072 1044 4128 Rhodos
1064 4076 1093 4127 et
1111 4072 1222 4127 Miletos

500 4170 586 4233 utque
605 4168 768 4217 coronatum
788 4170 817 4219 et
835 4167 967 4233 petulans
987 4167 1184 4236 madidumque
1202 4168 1364 4223 Tarentum.

499 4259 588 4328 prima
605 4258 771 4327 peregrinos
791 4258 916 4315 obscena
934 4262 1054 4329 pecunia
1072 4278 1165 4318 mores

497 4352 599 4421 Intulit,
618 4356 648 4407 et
666 4353 742 4421 turpi
760 4352 908 4423 fregerunt
926 4356 1040 4410 saecula
1057 4357 1125 4411 luxu

499 4447 615 4504 diuitirte
633 4448 740 4503 molles.
