3642 5125
794 520 1017 584 ..23-

374 703 410 771 11,
430 702 523 773 108‚9:
542 703 619 773 qnod
637 703 735 758 11111
753 702 873 773 Assyrio
892 703 1057 772 pharetrata
1076 703 1235 761 Semiramis
1255 704 1332 775 orbe,

544 805 653 856 maesta
671 816 723 854 nee
741 800 857 854 Actiaca
874 799 944 855 fecit
962 800 1113 869 Cleopatra
1131 802 1231 856 carina
1380 875 1381 878 Ἴ

347 925 463 1002 poetae
495 919 625 984 satirico
653 920 785 984 minime
814 921 897 984 sunt
911 919 1102 1002 abrogandi.
1150 921 1287 987 Othonis
1311 921 1463 987 mollities

347 1030 533 1095 effeminata
562 1031 597 1096 in
627 1031 727 1096 multo
751 1032 904 1097 maiorem
927 1033 1196 1117 uituperatioucm
1221 1033 1342 1117 incidit,
1372 1033 1463 1098 1111

347 1141 497 1206 mulieres
520 1142 649 1224 quidem
672 1143 855 1208 luxuriosas
878 1164 951 1208 eum
976 1164 1135 1226 aequasse
1155 1151 1330 1229 computes.
1366 1147 1463 1212 Tales

347 1256 525 1321 sententias
553 1257 772 1342 secundarios,
796 1276 880 1339 quae
905 1257 966 1322 etsi
990 1263 1063 1322 sunt
1087 1277 1358 1343 superuacaneae,
1382 1261 1463 1325 nihi-

346 1368 485 1434 lominus
508 1391 629 1452 magna
653 1370 700 1436 111
723 1371 809 1436 11111
831 1370 882 1436 111
905 1371 1047 1456 satirica,
1077 1372 1200 1438 habeas
1223 1375 1248 1456 I,
1270 1374 1332 1438 129
1357 1393 1399 1439 ss.
1424 1376 1461 1459 V,

347 1483 400 1567 36,
414 1484 444 1546 7.
468 1483 509 1567 X,
523 1482 589 1547 250
612 1489 672 1548 etc.
719 1482 843 1560 Quibus
867 1483 945 1548 addi
971 1490 1075 1568 potest

381 1624 430 1691 VI,
450 1624 514 1677 188:
542 1638 604 1676 oum
624 1621 661 1675 sit
678 1624 761 1688 turpe
780 1620 870 1688 magis
888 1620 994 1674 nostris
1013 1620 1122 1675 nescire
1141 1607 1248 1676 Latine.

347 1765 442 1828 quem
476 1761 605 1809 norsum
632 1749 763 1807 auctore
794 1742 926 1806 Barthio
952 1742 1117 1829 (Aduerss.
1142 1744 1261 1828 XXIV,
1283 1743 1318 1830 5)
1342 1745 1461 1827 Ruper-

346 1859 422 1942 tius,
457 1857 609 1940 Pinzger,
646 1855 784 1937 denique
819 1856 1018 1921 Ribbeckius
1055 1857 1198 1941 spurium
1234 1877 1307 1924 1111
1337 1863 1461 1942 putant.

347 1970 440 2048 Quod
456 1970 614 2052 Pinzgero
638 1991 678 2035 ex
701 1970 771 2034 loco
791 1970 956 2035 Ciceronis
981 1970 1082 2057 (Brut.
1096 1992 1122 2035 c.
1136 1972 1192 2058 37)
1216 1971 1278 2036 hoe
1302 1971 1463 2053 glossema

347 2084 503 2167 originem
527 2084 659 2150 duxisse
677 2084 815 2168 uidetur,
838 2083 873 2149 id
891 2084 996 2169 ipsum
1016 2091 1127 2148 eontra
1151 2105 1223 2150 eum
1246 2083 1334 2148 facit.
1380 2085 1462 2149 Nam

347 2203 481 2280 constat,
522 2197 708 2261 quenalem
743 2196 874 2280 saepius
903 2197 946 2283 ad
979 2196 1121 2280 priorum
1153 2195 1346 2280 scriptorum
1373 2195 1462 2259 locos

345 2308 515 2393 respicere.
540 2318 585 2396 (u.
602 2309 874 2395 commentarios).
898 2309 1114 2394 Heinrichius,
1129 2330 1222 2392 quem
1235 2309 1319 2374 hunc
1334 2327 1463 2373 uersum
1488 2309 1490 2316 '

345 2423 419 2489 aliis
451 2429 636 2507 suspectum
660 2421 844 2487 defendisse
867 2423 975 2506 miror,
1008 2422 1165 2509 „magis“,
1197 2422 1230 2487 in
1255 2441 1317 2503 qno
1340 2423 1460 2504 Ruper-

345 2535 410 2601 tius
442 2535 583 2620 offendit,
615 2534 793 2601 rectissime
823 2534 1035 2619 comparatiui
1068 2531 1461 2623 η1111111111111111111-

345 2650 422 2714 11111
445 2648 612 2731 intellegit.

363 2787 399 2855 11,
419 2786 574 2839 143-148:
593 2784 662 2838 uicit
680 2789 710 2839 11
727 2785 781 2839 hoc
800 2788 954 2839 monstrum
973 2784 1089 2838 tunicati
1108 2782 1219 2837 fuscina
1238 2782 1366 2857 Gracchi,

594 2880 782 2949 lustrauitque
801 2878 872 2949 fuga
890 2880 1010 2934 mediam
1029 2878 1168 2948 gladiator
1186 2878 1332 2933 harenam:

595 2980 625 3029 et
643 2974 809 3043 Capitolinis
827 2976 994 3044 generosior
1013 2979 1042 3030 ct
1060 2975 1198 3030 Marcellis
1220 3012 1223 3019 .

595 3075 625 3124 et
644 3069 736 3124 Catuli
754 3070 890 3139 Paulique
910 3070 1062 3125 minoribus
1082 3074 1112 3123 et
1129 3069 1225 3125 Fabiis
1244 3074 1274 3124 et

594 3164 723 3219 omnibus
742 3165 778 3218 ad
796 3166 911 3233 podium
931 3164 1135 3234 spectantibus,
1154 3165 1198 3219 his
1216 3166 1282 3219 lieet
1299 3165 1391 3233 ipsum

594 3260 756 3329 admoneas,
775 3260 854 3315 onius
873 3264 940 3314 tuno
957 3276 1071 3315 munere
1091 3260 1163 3315 retia
1181 3260 1264 3314 misit.

345 3425 366 3468 a
395 3404 494 3468 totius
525 3402 645 3467 satirae
676 3404 709 3467 II
737 3410 926 3485 argumento
962 3404 1058 3487 plane
1089 3423 1161 3468 1111
1192 3403 1317 3467 alienos
1348 3401 1463 3484 negari

344 3516 456 3598 nequit
478 3516 673 3598 minimoque
692 3516 871 3581 dubitarem
891 3518 955 3582 tale
974 3516 1228 3581 additamentum
1253 3516 1383 3605 cuilibet
1406 3516 1463 3579 alii

345 3630 494 3713 scriptori
524 3630 720 3696 abiudicata.
768 3631 833 3697 Sed
856 3630 1092 3695 aestimationis
1123 3650 1278 3712 normam,
1315 3648 1379 3710 qua
1402 3628 1462 3693 hos

344 3759 458 3805 uersus
491 3743 668 3827 metiamur,
711 3743 745 3807 in
772 3720 936 3809 quenalis
960 3742 1069 3811 satiris
1092 3743 1188 3826 plane
1219 3741 1313 3805 nobis
1345 3740 1460 3805 deesse

344 3874 471 3920 censeo.
517 3858 623 3920 Tanta
650 3856 735 3920 enim
764 3855 967 3920 multitudine
991 3854 1228 3936 digressionum
1252 3859 1283 3917 11
1307 3872 1458 3937 superua-

345 3988 517 4033 caneornm
539 3969 840 4052 additamentorum,
864 3989 947 4051 quae
970 3970 1043 4053 plus
1072 3968 1178 4033 minus
1202 3988 1272 4032 oum
1297 3966 1354 4050 eis,
1378 3985 1461 4047 quae

344 4083 548 4165 antecedunt,
582 4082 786 4165 cohaereant,
824 4084 879 4147 uix
910 4084 975 4147 dici
1003 4088 1119 4167 potest,
1159 4101 1257 4145 unum
1285 4080 1462 4157 alterumue

345 4199 513 4277 tantopere
535 4195 707 4259 abhorrere
730 4196 772 4259 ab
796 4195 853 4276 eis,
877 4195 993 4277 quibus
1017 4203 1066 4260 est
1086 4192 1320 4279 interpositum,
1344 4200 1379 4258 ut
1402 4212 1460 4277 pro

345 4305 540 4387 glossemate
567 4307 609 4370 sit
640 4307 835 4372 habendum.
885 4310 1003 4373 Nostro
1037 4307 1167 4389 quidem
1200 4307 1271 4370 loco
1303 4304 1460 4390 quenali,

345 4438 417 4483 cnm
439 4425 563 4483 tantam
592 4418 781 4485 foeditatem
805 4428 961 4505 carperet,
995 4420 1092 4486 facile
1116 4420 1149 4483 in
1180 4425 1319 4484 mentem
1350 4419 1460 4484 uenire
1521 4506 1526 4513 ι
