3642 5125
796 495 1019 560 ..16-

348 678 396 744 ita
419 677 505 761 quod
524 677 700 745 attinetad
717 677 903 763 prosodiam
922 678 1042 744 nullum
1061 678 1145 744 inter
1164 678 1288 764 priores
1309 684 1341 744 et
1360 684 1467 764 poste-

348 791 450 857 riores
481 791 598 857 satiras
629 791 812 876 discrimen,
849 789 936 874 quod
967 791 1019 857 uel
1041 791 1208 857 minimam
1232 791 1467 858 dubitationem

349 906 390 972 de
413 906 528 974 eodem
552 906 694 972 omnium
717 904 889 971 satirarum
913 904 1070 990 scriptore
1092 912 1230 972 moueat.

873 1608 937 1689 H.

436 1810 636 1877 decedentes
667 1829 752 1874 nunc
780 1808 822 1875 ad
853 1809 988 1874 alteram
1012 1809 1107 1874 huius
1130 1808 1231 1874 libelli
1255 1814 1379 1893 partem
1403 1808 1465 1894 pri·

349 1942 446 2007 mum,
470 1922 555 2004 quod
579 1922 694 1987 attinet
717 1921 760 1986 ad
777 1927 977 2005 argumenta,
1002 1921 1077 1985 binc
1097 1921 1216 1987 nullam
1238 1941 1369 1987 causam
1393 1921 1465 1987 reii-

349 2035 536 2100 oiendarum
548 2034 762 2118 posteriorum
775 2033 819 2097 Vl
833 2033 1004 2098 satirarum
1018 2034 1101 2099 sumi
1114 2053 1211 2118 posse
1231 2033 1463 2118 contendimus,

351 2167 424 2212 eum
456 2147 490 2213 (l.
514 2147 567 2211 Fr.
592 2147 796 2212 Hermannus
821 2146 991 2227 (Zeitschr.
1015 2146 1036 2212 f.
1061 2147 1299 2214 Alterthumsrr.
1327 2149 1412 2214 1844
1434 2169 1465 2233 p.

350 2263 393 2326 73
416 2260 474 2347 ss.)
499 2258 685 2342 ostenderit,
716 2257 777 2322 XV
801 2257 921 2324 satirae
945 2267 1178 2343 argumentum,
1203 2260 1288 2344 quod
1312 2259 1492 2326 facillime·

349 2373 561 2458 suspitionem
592 2391 722 2436 mouere
752 2371 865 2457 possit,
900 2373 1033 2440 minime
1062 2374 1247 2459 discrepare
1278 2393 1349 2440 cum
1372 2374 1463 2438 que-

349 2486 433 2551 nalis
461 2485 638 2572 proposito,
669 2490 713 2569 ut,
745 2483 900 2567 quidquid
925 2493 1025 2569 agant
1048 2486 1195 2552 homines
1218 2485 1294 2551 inde
1317 2487 1358 2552 ab
1382 2485 1462 2551 anti·

348 2600 512 2684 quissimis
543 2598 751 2683 temporibus,
786 2605 906 2683 uotum,
943 2601 1100 2686 timorem,
1134 2602 1224 2687 iram,
1256 2602 1463 2685 uoluptatem,

349 2712 479 2798 gaudia,
504 2712 669 2777 discursus
692 2711 793 2776 libelli
817 2712 867 2777 sui
889 2713 1086 2798 farraginem
1109 2715 1218 2781 faciat.
1244 2714 1287 2798 (u.
1308 2717 1334 2799 I,
1348 2715 1386 2779 81
1406 2713 1463 2797 ss.)

348 2827 507 2895 Nimirum
535 2828 710 2913 quenalis,
748 2837 784 2895 ut
810 2835 908 2914 poeta
938 2830 1111 2913 Romanus,
1140 2828 1314 2914 praecipue
1342 2828 1375 2891 in
1404 2829 1463 2891 Ro·

348 2963 515 3009 manorum
547 2942 627 3009 uitia
656 2944 804 3009 innectus
835 2950 894 3026 est,
927 2943 984 3008 sed
1014 2950 1185 3028 propterca
1207 2940 1321 3023 negari
1344 2938 1463 3023 nequit,

349 3076 422 3121 eum
450 3054 577 3120 lacinus
607 3054 640 3119 in
667 3055 846 3138 longinqua
876 3061 963 3119 terra
986 3075 1006 3119 a
1028 3054 1177 3119 barbaris
1202 3054 1407 3119 commissum
1430 3052 1464 3117 in

348 3167 503 3233 iudicium
526 3187 643 3231 uocare
666 3166 821 3252 potuisse.
858 3165 985 3231 Satirae
1008 3176 1115 3231 autem
1139 3167 1218 3231 XVI
1241 3171 1464 3248 argumentum

349 3284 472 3343 tantum
496 3279 599 3362 abest,
634 3285 670 3343 ut
699 3278 889 3365 posterioris
913 3284 1076 3343 auctorem
1099 3278 1253 3362 temporis
1276 3276 1407 3362 indicet,
1423 3282 1465 3339 -ut

350 3399 462 3459 contra
484 3391 518 3457 id
541 3393 647 3477 ipsum
665 3391 811 3459 quenali
830 3393 890 3457 sub
911 3391 1053 3456 Traiano
1077 3396 1109 3455 et
1128 3390 1305 3475 Hadriano,
1328 3390 1464 3475 impera-

349 3506 473 3571 toribus
497 3506 572 3571 belli
597 3506 813 3588 uictoriaeque
835 3505 1030 3589 amantibus,
1055 3505 1149 3587 quasi
1173 3505 1256 3570 ultro
1280 3524 1351 3569 sese
1376 3503 1464 3567 obtu-

348 3618 427 3684 lisse
455 3618 634 3683 rectissime
661 3618 727 3683 iam
750 3620 800 3684 W.
824 3619 861 3683 Ε.
886 3618 1012 3701 Weber,
1042 3617 1104 3683 Die
1134 3617 1261 3684 Satiren
1292 3616 1350 3681 des
1373 3616 1464 3680 que-

349 3730 414 3814 nal,
438 3751 469 3814 p.
494 3729 680 3795 obedient.
715 3732 765 3795 Ex
787 3730 921 3813 reliquis
944 3736 1093 3812 quattuor
1117 3730 1225 3795 satiris
1248 3729 1288 3795 de
1312 3730 1382 3795 sola
1401 3730 1466 3793 XII

351 3841 586 3907 dissensionem
611 3842 686 3907 oriri
710 3863 807 3927 posse
834 3849 922 3927 puto.
969 3841 1066 3907 Dicat
1090 3842 1174 3907 enim
1198 3842 1280 3927 quis,
1304 3862 1369 3907 non
1394 3861 1465 3907 esse

351 3955 471 4021 satirae
500 3956 731 4022 quenalianae
765 3956 965 4039 describere,
1006 3955 1165 4038 quomodo
1196 3961 1312 4040 poetae
1343 3954 1466 4019 amicus

353 4077 500 4157 ,praeter
526 4068 636 4152 pelagi
668 4088 763 4133 casus
786 4074 818 4133 et
846 4066 990 4132 fulminis
1013 4067 1117 4133 ictus“
1143 4066 1284 4133 euaserit
1307 4072 1339 4132 et
1362 4066 1465 4151 expri-

350 4205 447 4269 mere,
489 4202 551 4266 quo
586 4181 639 4247 ille
675 4181 795 4264 gaudio
830 4182 870 4247 ob
905 4181 1041 4247 salutem
1077 4180 1172 4247 huius
1208 4180 1465 4267 inexspectatum

351 4298 485 4364 affectus
509 4296 561 4361 sit.
606 4296 649 4360 At
672 4295 785 4361 eodem
801 4295 871 4362 iure
888 4294 1096 4379 postularem,
1119 4301 1155 4360 ut
1174 4300 1234 4361 sat.
1258 4294 1308 4358 XI
1330 4311 1465 4375 quoque,

352 4429 417 4491 qua
438 4408 603 4472 Persicum
626 4406 742 4471 inuitat
764 4407 807 4471 ad
831 4406 1009 4491 simplicem
1033 4426 1154 4492 cenam,
1183 4426 1279 4489 quam
1303 4406 1466 4490 describit,
