3642 5125
815 565 1037 630 -11.-

370 755 460 815 tunm
484 749 738 836 discrepantium
762 750 795 815 in
819 752 848 815 V
871 750 954 835 pede
978 770 1129 815 numerus
1152 749 1194 815 ab
1212 748 1347 814 Horatio
1371 747 1414 814 ad
1439 749 1488 812 Iu-

116 899 126 936 .
370 863 517 929 uenalem
540 863 711 929 minuitur:

391 976 430 1040 In
453 977 530 1040 Hor.
554 982 628 1041 satt.
655 973 724 1046 Vsu)
755 981 762 1012 ¹
796 976 939 1041 omnium
1075 974 1169 1047 Valla)
1228 996 1312 1041 omn.
1337 994 1438 1041 ueras.

558 1110 631 1175 epp.
659 1091 702 1158 ’la
755 1013 947 1162 iuersuum
1074 1089 1118 1158 Va
1226 1088 1361 1174 praebet

444 1205 534 1268 Pers.
558 1210 632 1268 satt.
659 1203 703 1272 ¹l10
755 1163 932 1397 §praebet
1072 1206 1116 1272 Va
1228 1208 1417 1267 accentuum

459 1315 749 1388 qu.satt.¹l1s(12)
799 1337 883 1382 caes.
906 1318 999 1384 XIII.
1073 1319 1129 1386 aa
1228 1315 1489 1399 discrepantiam.

462 1429 685 1513 Caesurarum,
717 1449 800 1511 quac
824 1436 899 1494 sunt
921 1436 996 1515 post
1026 1437 1150 1496 sextam
1180 1429 1284 1512 arsin,
1316 1437 1348 1495 ct
1376 1450 1489 1495 accen-

373 1546 462 1604 tuum
486 1540 727 1625 discrepantiae
751 1541 799 1607 cis
822 1542 957 1608 effectae
981 1542 1064 1608 hanc
1087 1541 1216 1627 repperi
1238 1541 1411 1608 rationem:

395 1653 433 1715 In
457 1653 532 1717 Hor.
557 1660 630 1718 satt.
658 1653 689 1722 a
806 1654 949 1720 omnium
1116 1656 1160 1723 Va
1229 1675 1312 1720 omn.
1336 1675 1438 1721 uerss,

562 1788 635 1853 epp.
662 1763 757 1836 Vola)
807 1788 958 1833 uersuum
1189 1841 1196 1882 >
1227 1768 1363 1853 praebet

1116 1768 1160 1836 Va

447 1881 535 1946 Pers.
560 1888 633 1946 satt.
661 1880 704 1949 Vn
806 1883 942 1968 praebet
1116 1881 1172 1950 Vns
1228 1888 1416 1946 accentuum

1116 1999 1160 2064 Va

468 1993 537 2058 Iun.
562 2002 634 2060 satt.
661 1994 705 2063 Vn
809 2016 894 2062 caes.
918 1997 1006 2062 XVI.
1228 1995 1490 2079 discrepantiam.

464 2106 526 2172 Hic
548 2108 716 2172 Horatium
740 2109 870 2190 quidem
893 2089 1051 2194 uidemus,
1083 2115 1118 2173 ut
1146 2109 1180 2174 in
1204 2109 1232 2173 V
1255 2105 1356 2192 pede,
1387 2105 1434 2172 ita
1457 2105 1491 2170 in

375 2218 421 2294 VI
444 2238 570 2301 quoque
593 2228 784 2286 accentuum
814 2222 1056 2303 congruentiam
1085 2221 1118 2286 in
1143 2223 1225 2306 Epp.
1257 2221 1362 2304 magis
1393 2241 1492 2305 appe-

375 2329 477 2413 tiisse,
501 2350 597 2412 quam
621 2331 655 2395 in
679 2331 762 2398 Satt.
809 2332 873 2398 Sed
897 2334 993 2416 longe
1017 2335 1111 2400 aliter
1140 2355 1191 2400 res
1208 2354 1250 2400 -se
1273 2332 1373 2401 habet
1403 2335 1491 2421 apud

374 2443 521 2508 Persium
544 2450 577 2510 et
598 2445 806 2511 quenalem:
841 2446 921 2511 Cum
944 2447 998 2512 ille
1021 2447 1186 2512 rarissime
1215 2453 1341 2513 tantum
1372 2448 1490 2514 discre-

376 2556 521 2641 pantiam
544 2555 695 2641 admittit,
724 2557 898 2643 quenalis,
931 2566 966 2624 ut
995 2559 1030 2624 in
1053 2561 1082 2625 V
1109 2559 1193 2645 pede
1221 2561 1390 2627 tractando
1414 2563 1490 2627 Ver-

376 2669 447 2751 gilii
479 2668 652 2751 Ouidiiqne
686 2670 877 2753 diligentiae
908 2672 1162 2757 appropinquat,
1193 2674 1240 2739 ita
1270 2673 1304 2738 in
1333 2676 1379 2741 VI
1407 2674 1491 2760 pede

375 2782 458 2847 mira
488 2802 566 2847 usus
598 2782 808 2865 neglegentia
837 2785 949 2868 procul
984 2784 1026 2850 ab
1062 2786 1109 2851 eis
1144 2784 1305 2852 abhorret.
1350 2788 1492 2872 Repperi

376 2897 461 2962 enim
485 2896 519 2961 in
543 2895 664 2981 Ouidii,
694 2898 749 2979 qni
771 2897 838 2964 fere
866 2918 994 2985 semper
1024 2900 1229 2985 polysyllabo
1260 2919 1390 2965 uersum
1419 2920 1491 2965 con·

377 3009 486 3095 cludit,
510 3011 723 3097 Metamorph.
747 3033 811 3077 non
835 3014 974 3097 amplius
1001 3024 1066 3079 tres
1090 3032 1209 3096 easque
1233 3012 1378 3077 consulto
1402 3011 1492 3077 adbi-

375 3125 462 3191 bitas
486 3127 571 3213 (VII,
597 3128 671 3192 663.
706 3128 777 3211 XV,
808 3128 851 3191 30
874 3126 932 3214 31)
957 3128 990 3191 in
1013 3126 1158 3192 Aeneide
1188 3126 1324 3209 triginta
1352 3124 1493 3209 quinque

374 3246 563 3305 accentuum
586 3240 621 3305 in
644 3242 690 3306 VI
712 3240 795 3325 pede
818 3240 1065 3326 discrepantias.

465 3352 501 3417 Si
524 3353 635 3418 quen.
660 3359 733 3417 satt.
757 3353 883 3437 priores
907 3372 1131 3437 comparamus
1156 3372 1227 3417 cum
1246 3350 1492 3437 posterioribus,

377 3473 410 3532 et
432 3465 486 3531 bic
510 3473 543 3531 et
564 3465 632 3529 illic
654 3464 825 3530 duodecim
854 3485 969 3531 uersus
998 3466 1032 3529 in
1061 3466 1090 3531 V
1112 3465 1195 3550 pede
1226 3471 1415 3530 accentuum
1447 3465 1493 3530 di-

376 3579 594 3665 screpantiam
618 3577 808 3662 ostendunt,
839 3597 954 3663 neque,
979 3598 1050 3643 cnm
1073 3578 1127 3642 hic
1150 3596 1301 3643 numerus
1332 3583 1399 3643 tam
1421 3598 1493 3662 par-

377 3712 436 3758 uus
453 3693 505 3776 sit,
529 3692 640 3774 magni
657 3690 810 3755 momenti
829 3710 901 3755 esse
920 3710 1045 3774 censeo,
1070 3690 1155 3772 quod
1178 3690 1212 3755 in
1231 3690 1394 3775 prioribus
1419 3696 1493 3756 satt.

376 3806 547 3871 duodecim
578 3823 691 3869 uersus
724 3802 781 3871 Vas
809 3802 961 3887 omnium,
997 3802 1030 3867 in
1061 3802 1295 3887 posterioribus
1321 3804 1377 3872 Vm
1409 3809 1493 3888 sunt,

376 3919 566 4004 praesertim
602 3938 674 3983 cum
705 3916 739 3981 in
765 3917 812 3982 VI
841 3916 925 4001 pede
960 3923 1114 3999 utraeque
1148 3917 1245 4001 plane
1280 3916 1493 3983 consentiant.

375 4032 426 4097 Ibi
449 4031 535 4097 enim
559 4030 724 4113 octoginta
748 4030 889 4112 quinque
919 4028 1062 4114 priorum
1091 4036 1164 4095 satt.
1197 4048 1327 4114 uersus,
1357 4028 1493 4111 quadra-

377 4144 470 4227 ginta
492 4150 643 4227 quattuor
664 4143 877 4229 posteriorum
908 4150 1098 4209 accentuum
1127 4142 1338 4225 congruentia
1368 4146 1494 4205 carent:

376 4256 503 4321 illarum
527 4255 626 4338 igitur
649 4255 771 4341 pariter
793 4261 890 4338 atque
913 4256 1026 4321 harum
1049 4255 1217 4338 trigesima
1239 4254 1307 4321 sere
1329 4276 1406 4341 pars
1430 4276 1494 4321 om-

376 4368 465 4433 nium
495 4389 656 4436 uersuum.
681 4370 786 4434 —In
813 4369 896 4455 ipsis
925 4375 1033 4434 autem
1064 4368 1208 4435 caesuris
1239 4369 1322 4435 XIII
1352 4374 1385 4434 et
1415 4368 1493 4433 XVI

377 4482 533 4551 adhibitis
556 4482 638 4551 mira
661 4488 711 4549 est
734 4480 905 4550 consensio
928 4481 1011 4548 inter
1034 4481 1198 4549 quenalis
1228 4486 1303 4549 satt.
1349 4482 1432 4549 uam
1462 4486 1495 4548 ct

1418 4634 1445 4673 ,a
