3642 5125
815 513 1014 578 ..8-

446 693 488 758 Vt
518 701 624 761 antem
654 695 687 759 in
716 694 815 779 bisce,
846 695 892 761 ita
920 696 953 760 in
985 697 1101 762 ceteris
1125 717 1250 780 quoque
1274 698 1369 763 rebus
1388 718 1471 779 quae

356 805 518 890 pertinent
541 806 584 872 ad
607 827 674 872 rem
697 808 864 874 metricam
888 809 1108 894 discrepantia
1132 811 1231 876 statui
1254 817 1361 896 potest
1383 811 1472 876 nulla

356 918 439 986 inter
468 919 592 1005 priores
623 920 741 987 sadran
764 928 796 988 et
819 942 875 988 eas
898 942 979 1006 quas
1003 923 1097 988 Ribb.
1122 923 1155 988 in
1180 923 1391 1009 suspitionem
1417 944 1470 988 uo-

357 1037 418 1098 cat.
463 1031 594 1098 Initium
624 1033 790 1120 capiamus
822 1035 1018 1101 acacsnris.
1065 1035 1128 1100 Vix
1158 1035 1470 1101 commemorandum

356 1165 428 1213 esse
451 1145 531 1210 mihi
555 1146 691 1233 uidetur,
716 1154 749 1213 ut
771 1148 860 1233 apud
879 1168 990 1214 omnes
1014 1155 1128 1234 poetas
1147 1149 1281 1215 Latinos
1304 1149 1351 1214 ita
1374 1148 1471 1214 etiam

356 1258 389 1324 in
419 1258 510 1324 bisce
539 1259 618 1324 XVI
635 1259 759 1349 ,satiris
785 1261 882 1344 longe
913 1260 1208 1344 frequentissimam
1240 1281 1311 1327 esse
1340 1260 1470 1346 penthe-

356 1370 525 1437 mimerim.
560 1373 598 1437 In
621 1373 783 1458 prioribus
806 1376 839 1439 X
862 1375 972 1441 satiris
996 1395 1098 1458 aeque
1121 1383 1217 1459 atque
1241 1376 1274 1440 in
1298 1376 1343 1440 VI
1365 1379 1471 1460 poste-

355 1483 528 1550 terioribus
558 1491 675 1551 octaua
704 1492 830 1552 tantum
860 1494 917 1552 aut
947 1508 1034 1554 nona
1055 1508 1132 1573 pars
1157 1489 1297 1553 omnium
1320 1505 1471 1553 uersuum

355 1595 601 1682 penthemimeri
631 1603 728 1663 caret.
775 1598 866 1677 Quae
897 1605 929 1664 et
960 1599 1013 1665 bic
1041 1607 1073 1665 et
1096 1599 1162 1666 illic
1186 1607 1241 1665 ant
1264 1600 1335 1666 sola
1357 1605 1473 1682 regnat

354 1710 389 1775 in
412 1729 509 1776 uersu
540 1709 589 1798 (nt
611 1710 699 1794 VIII,
712 1710 787 1775 261.
811 1711 853 1796 X,
877 1711 921 1775 46
945 1711 1020 1800 etc.)
1051 1713 1136 1795 quod
1167 1719 1274 1778 tamen
1298 1712 1403 1778 rarius
1425 1732 1472 1777 re-

354 1821 486 1908 peritur,
510 1828 566 1888 aut
589 1822 760 1888 coniuncta
777 1829 826 1889 est
847 1843 919 1888 cum
939 1823 1162 1890 trithemimeri
1186 1824 1235 1910 (ut
1252 1826 1293 1910 II,
1308 1825 1360 1890 74.
1384 1825 1472 1908 XVI,

354 1935 398 2001 55
422 1937 507 2022 etc),
537 1956 609 2001 cum
639 1936 906 2022 hephthemimeri
938 1936 987 2024 (ut
1009 1938 1080 2022 VII,
1096 1939 1169 2003 111.
1194 1938 1363 2022 XI11,215
1386 1940 1461 2023 etc.)

354 2066 426 2112 cum
438 2046 662 2113 trithemimeri
682 2054 714 2113 et
732 2047 1001 2133 hephthemimeri
1021 2050 1069 2136 (ut
1087 2051 1129 2134 ΙΙ,
1144 2051 1216 2115 101.
1242 2051 1313 2135 XV,
1326 2052 1368 2116 10
1386 2052 1471 2138 etc),

354 2164 484 2244 praeter
513 2159 573 2226 bos
604 2161 693 2227 uarie
717 2182 788 2227 cum
812 2153 995 2228 tr'ocbaicis.
1020 2203 1063 2211 —
1099 2163 1249 2248 Sequitur
1272 2163 1472 2250 hephthemi-

353 2273 462 2359 meris,
502 2282 630 2359 praeter
665 2276 944 2360 penthemimerim
974 2285 1029 2344 aut
1060 2277 1231 2344 coniuncta
1260 2297 1331 2370 cum
1364 2277 1471 2342 tritbe-

354 2389 481 2455 mimeri
510 2390 559 2478 (ut
580 2391 623 2476 II,
638 2390 690 2455 68.
718 2390 806 2476 XVI,
818 2390 863 2456 45
891 2392 966 2478 etc.)
996 2396 1052 2456 aut
1083 2408 1154 2455 cum
1189 2389 1410 2455 trithemimeri
1442 2395 1472 2455 et

355 2505 452 2572 tertia
481 2505 646 2573 trochaica
675 2506 723 2595 (ut
745 2507 771 2592 I,
794 2506 868 2572 120.
900 2505 971 2591 XV,
992 2507 1013 2571 2
1037 2509 1121 2592 etc).
1157 2507 1242 2588 Raro
1273 2501 1470 2589 hephthemi-

355 2619 453 2684 meris
482 2618 595 2685 horum
626 2620 748 2686 auxilio
780 2620 975 2705 destituitur,
1011 2620 1069 2686 sed
1099 2618 1221 2704 pariter
1249 2616 1282 2681 in
1311 2615 1471 2701 prioribus

352 2735 449 2813 atque
478 2731 512 2796 in
542 2732 776 2817 posterioribus
807 2735 932 2818 satiris,
967 2756 998 2799 u.
1028 2735 1053 2818 I,
1076 2716 1151 2797 135ss
1174 2732 1228 2816 VI,
1247 2731 1322 2813 327,
1343 2730 1408 2793 366
1440 2734 1471 2793 et

353 2863 475 2929 paucos
506 2845 588 2910 alios
617 2865 729 2930 nerss,
762 2853 829 2911 tum
857 2848 899 2932 X,
918 2848 992 2911 229.
1016 2846 1103 2930 XIV,
1126 2844 1199 2909 196.
1225 2843 1299 2908 266.
1323 2843 1394 2925 XV,
1418 2842 1470 2908 81.

352 2956 441 3041 XVI,
454 2956 507 3021 34.
542 2958 657 3023 Nullus
681 2964 789 3023 autem
811 2978 869 3043 per
893 2977 1004 3024 omnes
1028 2958 1145 3023 satiras
1168 2976 1281 3023 uersus
1306 2956 1471 3044 reperitur,
1522 2946 1528 2957 '

354 3069 410 3135 nbi
441 3068 726 3154 hephthemimeris
758 3089 829 3134 cnm
861 3070 949 3136 nulla
979 3069 1045 3135 alia
1068 3090 1203 3136 caesura
1226 3067 1397 3135 coniuncta
1420 3066 1471 3143 sit,

352 3183 418 3249 nisi
430 3202 502 3249 enm
518 3183 615 3249 tertia
626 3182 791 3249 trochaica
807 3190 862 3248 aut
875 3204 946 3247 cum
958 3183 1054 3250 tertia
1067 3190 1097 3248 ct
1110 3182 1253 3249 secunda
1264 3180 1471 3265 trochaica1).

354 3295 585 3363 -Interdum
615 3295 730 3360 barum
766 3314 971 3361 caesurarum
1003 3296 1081 3361 solis
1110 3295 1207 3361 tertia
1242 3293 1407 3360 trochaica
1441 3299 1472 3358 et

353 3407 578 3475 trithemimeri
605 3427 719 3475 uersus
749 3406 968 3494 distinguitur,
1003 3414 1079 3472 tunc
1110 3414 1217 3473 autem
1247 3406 1314 3473 fere
1346 3390 1472 3492 semper

430 3646 451 3718 ¹)
470 3646 553 3713 Quod
576 3647 649 3702 enim
669 3647 771 3703 attinet
788 3648 824 3702 ad
843 3664 902 3717 eas,
922 3663 995 3717 quae
1015 3663 1077 3702 curn
1096 3663 1131 3702 ca
1150 3648 1298 3702 coniuncta
1317 3652 1391 3716 sunt,
1411 3664 1471 3704 cce-

355 3753 447 3806 suras,
466 3737 537 3792 haec
555 3752 606 3793 sex
625 3736 872 3806 hephthemimeris
891 3754 998 3807 genera
1017 3738 1093 3807 apud
1104 3742 1205 3807 poetas
1224 3737 1327 3792 latinos
1343 3738 1372 3791 L.
1386 3738 1471 3793 Muel-

353 3828 395 3883 ler
412 3842 439 3896 p.
459 3826 511 3881 198
530 3825 691 3896 distinguit:

523 4216 885 4240 ψψψψψψψψ
893 4187 1310 4258 1ψῆμψ-ψψ--

523 4397 995 4424 -----------
999 4372 1309 4441 ιυψ-ψψ--

356 4471 474 4526 qnorum
493 4458 584 4515 tribus
603 4460 708 4517 ultimis
726 4475 789 4515 raro
808 4464 917 4517 tuntum
936 4434 1062 4517 utuntur.
