3642 5125
809 561 1031 628 ..30-

449 744 582 810 Praeter
604 745 664 811 hos
686 745 768 811 duos
791 753 851 812 sat.
874 749 925 812 ΙΠ
947 768 1060 814 uersus
1083 749 1180 814 etiam
1204 770 1234 814 u.
1259 751 1337 816 281:

538 872 608 926 ergo
626 872 682 911 non
701 857 783 912 aliter
799 858 906 927 poterit
926 859 1068 914 dormire?
1087 859 1257 930 quibusdam

361 968 504 1054 spurium
540 990 613 1036 esse
648 990 764 1036 censeo
800 979 929 1038 secutus
964 973 1168 1038 uerissimum
1199 973 1380 1060 Heineckii,
1423 975 1478 1057 qui

360 1081 483 1166 primus
507 1102 579 1148 eum
603 1082 707 1167 eiecit,
730 1082 895 1148 iudicium.
930 1086 1041 1167 Neque
1065 1086 1150 1151 enim
1173 1085 1226 1152 hio
1243 1105 1357 1151 uersus
1380 1085 1475 1151 inter-

360 1193 487 1274 rogatio
521 1201 639 1278 poetae
672 1214 731 1279 per
764 1201 864 1260 totam
900 1196 1033 1262 satiram
1067 1197 1205 1262 tacentis
1239 1217 1326 1282 esse,
1374 1218 1478 1280 neque

361 1306 545 1372 Vmbricius
576 1308 623 1373 ita
653 1315 755 1374 semet
788 1309 860 1393 ipse
893 1309 1099 1394 interpellare
1132 1316 1249 1395 potest.
1297 1311 1367 1375 lltsi
1392 1311 1477 1376 enim

360 1419 525 1484 quenalis
556 1420 749 1505 saepissime
784 1441 909 1486 summa
941 1428 990 1486 est
1020 1422 1231 1507 loquacitate,
1269 1423 1478 1489 nihilominus

360 1538 426 1596 tam
451 1532 594 1597 absurda
615 1532 878 1617 interrogatione,
904 1533 955 1598 cui
973 1533 1053 1597 nihil
1074 1534 1140 1598 uisi
1159 1535 1254 1618 plane
1271 1534 1367 1620 idem,
1392 1536 1477 1618 quod

360 1624 425 1708 iam
444 1643 635 1728 dictumest,
654 1644 842 1729 responderi
859 1646 974 1730 possit,
992 1645 1170 1710 orationem
1183 1647 1361 1731 producere
1373 1668 1478 1730 neque

360 1756 442 1821 solet
469 1775 573 1838 neque
603 1763 719 1841 potest,
759 1756 788 1821 si
817 1757 946 1838 quidem
979 1757 1215 1841 ineptissimum
1246 1765 1376 1842 poetam
1406 1780 1478 1825 eum

360 1889 424 1932 non
448 1888 520 1933 esse
544 1868 760 1933 concedimus.
795 1871 907 1950 Neque
931 1876 1044 1934 coacta
1068 1877 1099 1934 et
1123 1876 1208 1934 certe
1230 1868 1316 1936 falsa
1339 1871 1479 1959 (aliter

359 1981 446 2048 enim
481 2001 552 2046 oum
587 2001 663 2044 non
693 1981 954 2063 coniungendam
977 1981 1020 2046 ad
1046 1981 1213 2066 poterit,
1243 2003 1308 2047 non
1332 1983 1374 2048 ad
1398 1982 1478 2048 dor-

359 2094 461 2159 mire
489 2093 642 2179 pertinet)
674 2093 896 2178 interpretatio
920 2095 1070 2177 Pinzgeri
1098 2094 1183 2159 hanc
1206 2095 1477 2180 uituperationem

360 2211 467 2291 potest
494 2206 645 2290 effugere,
676 2205 732 2287 qui
759 2206 856 2271 talem
887 2206 1152 2290 interrogationis
1182 2207 1376 2273 sententiam
1406 2227 1477 2273 esse

360 2319 441 2383 uult:
475 2318 546 2383 lieri
568 2318 667 2400 igitur
689 2339 754 2383 non
777 2319 904 2403 poterit,
929 2319 1006 2401 quin
1029 2320 1171 2404 patiatur
1195 2328 1321 2386 noctem
1343 2320 1478 2386 Pelidae

360 2438 393 2496 et
415 2432 500 2497 male
522 2432 575 2497 uel
599 2432 728 2497 omnino
751 2453 815 2496 non
839 2432 987 2498 dormiat.
1028 2433 1167 2499 dormire
1191 2441 1298 2498 autem
1322 2433 1374 2497 hic
1397 2432 1478 2496 nihil

361 2566 434 2612 esse
445 2545 509 2611 nisi
529 2545 711 2612 dormiendi
728 2567 828 2613 causa
845 2546 974 2612 inlecto
993 2547 1112 2612 cubare
1124 2545 1298 2612 contendit.
1312 2585 1355 2592 -
1367 2546 1479 2628 Longe

359 2659 427 2725 alia
449 2666 557 2725 autem
580 2659 769 2725 condicione
792 2666 841 2725 est
863 2660 919 2743 IV,
941 2660 1000 2724 78:

466 2788 538 2827 anne
557 2771 633 2825 aliud
652 2775 720 2825 tunc
736 2769 894 2839 praefecti?
914 2786 1033 2840 quorum
1054 2770 1179 2839 optimus
1199 2777 1285 2841 atque

361 2885 415 2951 ubi
432 2904 513 2971 opus
529 2891 598 2951 erat
612 2884 880 2966 interrogatione:
904 2905 1006 2949 anne
1029 2884 1142 2949 aliud
1156 2891 1226 2968 etc,
1250 2883 1337 2967 quod
1350 2884 1477 2965 Pegaso

359 3006 426 3063 tam
465 2998 581 3062 illustri
618 2998 688 3069 eius
724 2998 879 3082 temporis
918 2998 1144 3063 iurisconsulto
1182 2998 1279 3061 uilico
1314 2996 1478 3080 appellato

359 3108 543 3175 addendum
567 3118 645 3194 erat,
668 3109 730 3174 hoc
741 3110 901 3175 uocabulo
919 3130 984 3175 non
996 3112 1158 3192 Pegasum
1178 3108 1358 3191 ignominia
1381 3108 1476 3191 allici,

358 3224 417 3290 sed
439 3223 569 3288 omnino
581 3224 797 3287 Romanorum
821 3221 880 3286 sub
900 3221 1087 3285 Domitiano
1112 3220 1334 3285 condicionem
1357 3219 1477 3285 talibus

359 3336 632 3423 appellationibus
655 3334 787 3418 dignam
810 3334 921 3399 fuisse.
946 3333 1166 3398 ——Eiusdem
1191 3333 1310 3397 satirae

466 3463 494 3501 u.
512 3448 561 3501 98:
594 3447 670 3501 unde
688 3445 729 3515 fit,
748 3451 781 3499 ut
798 3445 890 3499 malim
909 3443 1079 3499 fraterculus
1099 3458 1164 3498 esse
1184 3442 1307 3513 gigantis

358 3560 478 3646 optime
507 3560 658 3625 cohaeret
686 3579 758 3625 cum
789 3578 820 3624 u.
843 3556 1049 3623 antecedenti
1076 3575 1181 3638 neque
1211 3555 1282 3639 ipse
1307 3555 1478 3620 offensioni

359 3693 432 3739 esse
461 3679 578 3758 potest.
625 3672 704 3738 Cum
728 3673 797 3736 luu.
825 3670 1045 3756 praemiserit,
1080 3669 1206 3735 nobiles
1234 3667 1399 3737 rarissime
1430 3689 1477 3735 se-

358 3793 519 3851 nectutem
542 3786 692 3871 adipisci,
716 3784 886 3869 concludit,
911 3784 1020 3868 potius
1039 3782 1214 3869 optandam
1238 3800 1311 3847 esse
1334 3781 1476 3846 infimam

358 3900 446 3965 uitae
470 3898 702 3964 condicionem.
736 3896 775 3961 Id
798 3896 878 3961 satis
902 3896 1010 3981 lepide
1034 3915 1063 3959 u.
1089 3895 1131 3959 98
1155 3892 1315 3978 exprimit.
1351 3894 1476 3958 Frater-

359 4012 450 4078 culus
474 4012 559 4077 enim
584 4010 728 4094 gigantis
751 4016 801 4074 est
823 4029 906 4074 unus
931 4029 971 4074 ex
995 4009 1171 4091 Gigantum
1195 4026 1302 4090 manu,
1326 4004 1381 4087 qui
1405 4024 1477 4069 cum

358 4127 479 4190 'l'errae
512 4123 570 4187 filii
604 4122 815 4205 haberentur,
851 4120 989 4185 Romani
1023 4126 1130 4185 autem
1166 4118 1312 4183 homines
1347 4116 1476 4198 ignotos

358 4237 538 4319 terrigenas
561 4234 770 4319 appellarent,
793 4232 906 4296 horum
930 4232 1000 4297 loeo
1023 4231 1122 4316 positi
1146 4237 1228 4297 sunt.

466 4347 501 4415 V,
520 4345 569 4399 66:
605 4344 726 4399 maxima
744 4359 875 4413 quaeque
895 4344 995 4399 domus
1015 4344 1105 4399 seruis
1126 4349 1171 4399 est
1189 4343 1272 4411 plena
1291 4338 1432 4408 superbis.

358 4459 436 4524 item
466 4476 726 4543 superuacaneus
750 4463 809 4541 est,
840 4476 879 4521 ao
902 4455 1081 4539 permultae
1105 4452 1283 4521 sententiae
1307 4453 1476 4536 generales
