3642 5125
799 561 1020 624 ..17-

318 817 321 824 ¹
354 743 501 809 quenali
524 743 772 809 abiudicaretur.
806 742 1023 809 Nihilominus
1046 741 1244 808 Ribbeckius
1274 739 1359 806 bano
1384 739 1468 806 inter

350 855 479 939 spurias
510 875 583 920 esse
610 877 675 921 non
704 856 782 920 nult.
828 856 900 921 Non
933 855 981 920 eis
1004 855 1111 940 rebus,
1142 854 1323 936 dequibus
1347 853 1464 937 agitur,

351 970 409 1035 sed
432 971 567 1055 ratione,
592 989 729 1052 quares
752 975 942 1053 tractantur,
968 968 1069 1034 satira
1091 968 1135 1033 fit.
1173 967 1253 1032 Mihi
1276 972 1383 1031 autem
1405 966 1466 1030 hoc

264 1074 269 1083 ’
350 1101 451 1163 aeque
479 1083 641 1168 pertinere
670 1082 798 1147 uidetur
827 1081 870 1147 ad
899 1087 959 1147 sat.
991 1081 1057 1144 XII
1087 1086 1184 1161 atque
1208 1078 1250 1144 ad
1272 1078 1331 1142 XI.
1376 1077 1466 1143 Haec

350 1194 590 1279 simplicitatem
614 1196 684 1262 eius
710 1215 819 1279 cenae,
843 1194 1007 1276 adquam
1031 1193 1154 1259 amicus
1179 1199 1322 1277 uocatur,
1346 1197 1380 1257 et
1401 1211 1466 1256 ma-

350 1305 453 1370 iorum
477 1327 668 1392 comparans
692 1328 763 1372 curn
786 1307 923 1392 luxuria,
948 1325 1012 1389 qua
1035 1305 1200 1371 quenalis
1223 1310 1367 1390 tempore
1391 1323 1466 1389 cpu-

349 1397 507 1503 labantur,
531 1419 616 1484 banc
637 1419 761 1504 passim
790 1419 989 1505 perstringit,
1012 1419 1069 1485 illa
1091 1419 1157 1485 iarn
1180 1439 1211 1484 u.
1235 1419 1288 1504 48,
1313 1436 1338 1484 s.
1362 1417 1465 1483 homi-

348 1549 425 1593 num
448 1531 597 1614 auaritia,
627 1551 710 1613 quac
742 1536 897 1618 ,argento
925 1529 1088 1616 praeferre
1113 1538 1210 1616 caput
1231 1530 1392 1614 rebusque
1416 1549 1466 1596 sa-

349 1643 467 1710 lutcm“
491 1665 557 1709 non
580 1644 709 1729 audeat,
733 1644 861 1727 oblique
885 1651 1007 1730 carpta,
1031 1644 1107 1710 inde
1126 1644 1168 1710 ab
1191 1664 1222 1710 u.
1240 1646 1282 1710 93
1305 1644 1466 1729 usquead

348 1755 444 1820 finem
467 1756 630 1821 inuehitur
658 1757 693 1821 in
713 1757 878 1824 miseram
908 1764 1111 1842 captaturum
1145 1756 1377 1824 adulationem.
1423 1758 1466 1822 nt

351 1888 429 1934 sanc
461 1869 531 1934 sine
559 1868 618 1934 tali
646 1869 711 1935 fine
742 1875 803 1934 sat.
826 1871 893 1935 XII
914 1891 980 1935 non
1009 1877 1095 1936 essct
1119 1870 1220 1936 satira
1242 1869 1464 1954 quenaliana,

349 2001 434 2045 nunc
465 1987 572 2047 autem
600 1988 669 2047 tota
698 1982 841 2048 narratio
865 2002 896 2047 u.
923 1982 1053 2056 ref-82
1076 1983 1156 2048 nihil
1180 1989 1230 2048 est
1251 1983 1317 2049 nisi
1339 1981 1466 2066 longior

350 2095 521 2180 digressio,
551 2101 583 2160 et
609 2095 684 2180 ipsa
707 2095 809 2160 satira
832 2095 952 2179 existit,
985 2115 1056 2160 cum
1079 2101 1146 2160 tam
1170 2094 1301 2178 egregie
1323 2093 1407 2160 inter
1430 2113 1465 2159 se

256 2234 259 2237 “
349 2213 552 2291 opponantur
583 2227 695 2272 uerum
726 2213 759 2272 et
790 2206 949 2272 sincerum
981 2206 1144 2291 gaudium,
1170 2226 1232 2290 quo
1256 2207 1353 2272 amici
1376 2206 1464 2272 salus

348 2321 534 2386 quenalem
557 2319 665 2402 afficit,
701 2325 733 2384 et
756 2318 907 2384 simulata
937 2325 1138 2404 captatorum
1161 2319 1336 2404 ueneratio,
1360 2319 1408 2384 ita
1431 2326 1465 2384 ut

350 2431 428 2495 mihi
453 2431 583 2513 quidem
606 2430 754 2496 uideatur
775 2431 940 2496 quenalis
963 2431 1103 2516 priorem
1125 2439 1251 2517 partem
1274 2433 1315 2499 ob
1338 2431 1374 2497 id
1396 2439 1464 2498 tan·

349 2549 416 2609 tum
445 2543 629 2629 scripsisse,
661 2550 697 2609 nt
726 2515 940 2629 posteriorem
970 2543 1112 2610 adderet.
1158 2546 1294 2611 Restant
1324 2551 1398 2611 satt.
1422 2546 1464 2628 X,

348 2660 439 2742 XIII,
463 2659 551 2742 XIV,
581 2678 662 2740 quas
690 2659 746 2723 uix
777 2660 876 2724 uerbo
904 2658 1086 2740 tangendas
1117 2678 1188 2723 csse
1220 2668 1345 2723 censeo.
1393 2660 1464 2723 Etsi

348 2771 433 2835 enim
462 2777 523 2835 sat.
551 2772 582 2834 X
610 2791 781 2853 peruersas
816 2770 986 2855 cupidines
1019 2771 1159 2835 omnium
1189 2770 1372 2854 hominurn,
1409 2770 1463 2851 qui

350 2891 444 2970 ,sunt
474 2906 494 2949 a
521 2883 668 2948 Gadibus
693 2903 794 2965 usque
823 2883 866 2948 ad
896 2884 1053 2948 Auroram
1078 2889 1110 2947 et
1141 2882 1298 2964 (ιιιιιςιιιιιι
1330 2904 1463 2968 carpere

348 2998 423 3081 uult,
447 3004 555 3061 tamen
579 3015 705 3079 semper
727 2995 861 3059 recurrit
884 2994 927 3060 ad
951 2997 1113 3059 Romanos
1137 3001 1169 3059 et
1194 2995 1342 3079 exempla
1367 2995 1464 3059 sumit

320 3109 323 3113 ’
347 3116 402 3174 aut
425 3131 464 3173 ex
488 3100 598 3174 corum
621 3109 717 3175 rebus
741 3108 842 3190 gestis
866 3115 922 3173 aut
945 3129 985 3173 cx
1009 3128 1118 3173 eorum
1138 3114 1214 3172 tunc
1236 3108 1343 3191 ipsum
1366 3108 1460 3172 mori-

347 3222 451 3306 bus1).
498 3221 624 3287 Satirae
648 3228 755 3286 autem
779 3223 860 3285 XIII
884 3228 915 3287 et
938 3223 1016 3287 XIV
1040 3220 1238 3303 argumentis
1267 3241 1331 3285 non
1356 3221 1463 3303 magis

346 3334 573 3399 abiudicantur
595 3334 637 3398 ab
660 3335 812 3399 quenale
836 3355 933 3416 quam
957 3334 1068 3399 decem
1090 3334 1224 3419 priores.

435 3447 599 3512 quenalis
639 3447 758 3511 satirae
800 3454 857 3512 aut
889 3447 1042 3512 redactae
1077 3454 1151 3512 sunt
1185 3448 1218 3511 in
1254 3446 1462 3532 epistolarum

269 3638 274 3646 ὓ
346 3556 491 3642 formam,
519 3578 601 3639 quas
632 3558 673 3623 ad
703 3565 824 3623 certum
853 3558 1012 3639 quendam
1036 3558 1208 3642 hominem,
1233 3578 1327 3640 quem
1351 3559 1460 3623 statim

346 3669 378 3733 in
409 3670 503 3735 initio
526 3672 678 3756 appellat,
711 3672 795 3736 mitti
818 3672 920 3756 fingit,
945 3678 1001 3736 aut
1025 3672 1154 3735 omnino
1179 3672 1249 3736 sine
1274 3677 1362 3736 certa
1385 3672 1462 3737 allo-

346 3782 474 3847 cutione
503 3783 584 3849 uitia
613 3784 755 3849 humana
782 3790 918 3868 carpunt
983 3785 1075 3849 Nunc
1106 3803 1183 3847 uero
1212 3784 1344 3849 miretur
1378 3785 1461 3870 quis,

420 4015 440 4086 ¹)
459 4018 602 4093 Itaetiam
617 4019 645 4072 in
661 4024 728 4074 satt.
744 4019 821 4086 XIII,
835 4018 910 4087 XIV,
920 4018 974 4074 XV
990 4018 1068 4089 (XVI
1080 4018 1151 4072 enirn
1163 4023 1193 4072 et
1201 4018 1263 4086 XII,
1274 4018 1352 4087 quod
1362 4019 1466 4074 attinet

345 4106 381 4159 ad
408 4108 565 4175 argumenti
592 4109 800 4176 tractationem,
825 4108 916 4176 magIs
942 4108 1079 4163 accedunt
1104 4108 1139 4161 ad
1165 4108 1289 4175 prlorum
1313 4108 1462 4162 satirarum

346 4193 576 4267 similitudinem),
596 4213 764 4267 quamquam
785 4203 835 4251 ιιιιι
854 4198 943 4267 magis
962 4197 989 4250 in
1010 4197 1172 4251 uniuersum
1193 4202 1281 4265 agunt
1299 4197 1334 4252 de
1353 4213 1383 4251 re
1399 4214 1461 4265 pro·

344 4284 440 4351 posita
462 4290 512 4338 aut
529 4302 587 4339 rem
606 4303 623 4338 a
641 4287 773 4341 Romanis
792 4302 909 4353 prorsus
929 4286 1047 4340 alienam
1067 4290 1197 4353 tractant,
1217 4290 1310 4339 tamen
1330 4286 1394 4353 plus
1414 4286 1462 4339 rni-

343 4388 434 4426 uusue
459 4375 594 4442 exemplis
619 4390 654 4429 ex
678 4375 764 4430 rebus
790 4376 922 4430 RomanIs
951 4375 1102 4443 praecipuo
1135 4375 1178 4429 sui
1201 4374 1291 4443 ipsius
1317 4375 1452 4444 temporis

344 4461 465 4530 sumptis
484 4462 580 4517 utitur.

1231 4552 1249 4605 2
