3642 5125
799 487 1021 569 -43'-

440 686 518 751 Oum
542 686 612 771 hoc,
636 686 721 768 quod
745 686 896 772 uidimus,
929 687 969 752 de
992 687 1123 753 deorum
1147 688 1353 773 prouidentia
1376 691 1468 755 Inue-

349 798 433 862 nalis
456 799 500 863 sit
521 799 675 864 iudicium
704 838 747 846 —
774 805 807 864 ct
828 799 863 863 id
886 799 1015 882 quidem
1044 801 1078 864 in
1105 801 1267 886 prioribus
1295 801 1404 867 satiris
1434 809 1466 868 et

349 910 582 995 posterioribus
602 911 665 976 sibi
683 917 835 977 constans
845 910 869 997 ¹)
888 950 931 958 -
950 911 1066 977 mirum
1090 933 1154 977 non
1178 919 1237 998 est,
1262 933 1334 978 enm
1358 916 1468 980 multis

349 1028 380 1086 ct
403 1021 515 1086 harum
539 1025 720 1090 stillarum
751 1026 832 1091 locis
861 1045 918 1091 cos
942 1025 1031 1110 deos,
1056 1046 1145 1110 quos,
1170 1027 1344 1112 praecipue
1369 1027 1467 1094 Grae-

349 1153 467 1217 eorum,
490 1135 691 1220 mythologie
712 1138 859 1222 finxerat,
883 1138 1040 1203 deridere.
1087 1138 1142 1204 Sic
1164 1139 1206 1223 II,
1231 1141 1283 1204 31.
1310 1142 1382 1212 130.
1406 1143 1465 1226 III,

282 1309 285 1314 .
350 1250 423 1313 139.
446 1251 501 1333 VI,
522 1252 573 1314 15.
597 1250 650 1313 58.
674 1251 748 1314 619.
772 1251 813 1335 X,
826 1251 901 1315 313.
925 1251 1007 1314 XIII
1030 1251 1172 1316 39—52.
1197 1253 1249 1316 83.
1278 1253 1366 1337 XIV,
1391 1254 1465 1318 261.

348 1363 422 1426 271.
447 1363 534 1448 XVI,
546 1364 577 1428 4.
602 1363 723 1429 autad
753 1369 848 1429 notas
876 1364 1005 1429 fabulas
1034 1364 1166 1429 deornm
1189 1367 1359 1431 maiestate
1382 1365 1464 1430 indi·
1520 1391 1525 1408 ·

348 1496 430 1559 gnas
453 1475 575 1558 alludit,
600 1482 656 1540 aut
679 1475 809 1540 omnino
838 1475 1012 1542 humanam
1034 1459 1133 1542 illam
1157 1477 1289 1543 deorum
1314 1477 1466 1563 speciem,

245 1667 250 1674 .
347 1588 473 1669 qualem
509 1595 635 1653 ueteres
669 1594 785 1672 poetae
822 1607 895 1653 esse
933 1595 1128 1682 statuerunt,
1163 1589 1197 1654 in
1230 1589 1331 1654 risum
1359 1591 1466 1656 uertit.

346 1702 514 1767 Eiusmodi
535 1702 614 1767 deos
642 1702 739 1767 etiarn
763 1703 817 1786 VI,
832 1703 897 1767 393
921 1709 996 1767 ante
1021 1703 1130 1768 oculos
1147 1703 1302 1769 habuisse
1326 1703 1463 1789 uidetur,

348 1814 401 1880 ubi
426 1814 691 1897 indignabundus
714 1833 770 1880 eos
793 1814 840 1879 ita
862 1815 1021 1900 appellat:

418 1969 422 1977 ·
491 1952 535 2006 dic
553 1951 619 2005 mihi
638 1968 721 2020 nunc,
741 1967 857 2020 quaeso,
877 1951 930 2020 dic,
950 1950 1146 2020 antiquissime
1166 1950 1263 2006 diuum

491 2047 648 2116 respondes
667 2047 720 2116 his,
738 2047 806 2101 Iane
824 2045 928 2114 pater?
947 2061 1049 2115 magna
1068 2045 1126 2100 otia
1145 2047 1225 2102 coeli.
1260 2095 1262 2100 .

490 2159 546 2198 non
566 2147 619 2212 est,
639 2142 715 2211 quod
734 2141 828 2208 uideo,
846 2156 902 2194 non
920 2145 973 2209 est,
991 2140 1070 2210 'qnod
1085 2144 1187 2210 agatur
1202 2140 1279 2210 apud
1295 2157 1357 2196 nos.

346 2263 428 2327 Nam
452 2262 485 2326 in
509 2262 591 2327 tales
614 2261 703 2346 deos,
726 2262 838 2344 quales
861 2261 895 2325 in
915 2261 1148 2346 posterioribus
1173 2261 1282 2326 satiris
1306 2260 1462 2345 depingit,

345 2374 392 2439 ita
422 2373 533 2439 inuehi
556 2375 613 2439 uin
636 2381 751 2460 potest,
780 2373 845 2438 nisi
867 2372 951 2438 forte
974 2371 1093 2458 putas,
1113 2373 1144 2438 ei
1166 2373 1215 2438 ira
1239 2378 1397 2438 commoto
1421 2372 1462 2438 si-

345 2489 435 2554 milia
465 2488 566 2554 nerba
595 2493 706 2552 nostro
730 2486 800 2550 loco
824 2486 937 2571 elapsa
960 2505 1042 2571 esse,
1072 2492 1169 2569 atque
1193 2505 1241 2571 aa,
1266 2503 1349 2567 quae
1371 2485 1463 2570 XIII,

348 2602 521 2666 113-119
551 2601 721 2667 Caluinum
756 2598 895 2664 amicum
925 2604 1056 2683 propter
1085 2598 1232 2665 fraudem
1256 2598 1320 2685 sibi
1342 2597 1462 2663 factam

347 2734 471 2782 summa
492 2714 542 2780 ira
564 2715 732 2779 incensum
755 2713 789 2777 in
814 2712 891 2778 deos
916 2712 1096 2777 exclamare
1119 2712 1207 2778 dicit.

433 2828 477 2893 Vt
510 2833 618 2891 autem
649 2825 847 2891 Graecorum
874 2831 1041 2910 poetarum
1070 2824 1110 2889 de
1139 2825 1209 2891 deis
1235 2823 1381 2911 fabulas,
1417 2825 1464 2891 ita

346 2941 443 3007 etiam
472 2948 596 3006 ceteras
626 2939 846 3024 mythologiae
874 2944 984 3025 partes
1007 2938 1094 3005 haud
1118 2937 1340 3023 magnifacit.
1387 2938 1465 3005 Sae-

345 3053 479 3139 pissime
503 3053 632 3135 quidem
655 3073 713 3137 per
728 3072 839 3117 omnes
864 3052 981 3117 satiras
1005 3051 1052 3117 cis
1076 3052 1175 3118 utitur
1198 3052 1241 3117 ad
1263 3053 1390 3136 poetice
1414 3074 1462 3118 or-

346 3166 487 3232 nandam
518 3164 709 3249 orationem,
745 3164 803 3229 sed
830 3164 892 3229 hac
923 3185 958 3229 re
987 3184 1051 3228 non
1083 3165 1242 3230 enincitur
1272 3186 1345 3231 enm
1373 3164 1464 3231 hisce

345 3280 474 3346 fabellis
496 3278 593 3344 fidem
616 3278 779 3343 habuisse.
816 3278 901 3355 Quin
926 3278 1022 3343 etiam
1046 3277 1117 3362 ipsc
1142 3277 1359 3364 compluribus
1382 3278 1464 3344 locis

347 3393 401 3480 (X,
423 3393 496 3457 174.
522 3392 596 3456 246.
625 3392 713 3475 XIV,
730 3391 804 3455 240.
833 3392 904 3476 XV,
926 3392 1065 3457 13-26.
1092 3392 1168 3478 117)
1199 3392 1395 3457 Graecorum
1419 3391 1464 3457 ia-

346 3506 431 3572 bulis
456 3524 583 3569 omnem
605 3502 701 3567 fidem
724 3502 872 3585 abrogat.

421 3732 441 3804 ¹)
460 3734 508 3789 Sin
527 3740 620 3789 antem
639 3735 749 3803 priores
769 3734 872 3790 satirae
892 3751 947 3789 non
967 3739 1022 3788 tam
1043 3734 1146 3789 diffuse
1166 3734 1263 3787 dicunt
1287 3733 1321 3788 dc
1349 3734 1463 3788 deorum

346 3824 440 3877 niundi
459 3821 658 3893 hominumque
683 3824 870 3893 regendorum
890 3824 1013 3892 ratione,
1032 3840 1086 3877 non
1107 3822 1248 3893 estquod
1268 3822 1386 3877 ob'eam
1406 3840 1464 3878 rem

347 3918 506 3968 statuamus
526 3914 668 3969 diuersum
687 3915 786 3968 horum
805 3930 870 3969 esse
891 3918 1033 3968 auctorem
1054 3917 1138 3982 atquc
1158 3912 1355 3981 posteriorum.
1393 3912 1463 3967 (lum

346 4002 418 4057 enim
443 4004 471 4056 in
495 4004 636 4071 prioribus
656 4004 758 4059 ardens
777 4004 823 4057 illa
841 4003 1007 4072 indignatio,
1027 4019 1083 4072 qua
1101 4008 1189 4070 poeta
1201 4001 1229 4055 in
1246 4002 1386 4056 hominum
1401 4018 1465 4070 pec

346 4097 410 4147 cata
425 4093 603 4161 omnIumque
619 4108 711 4146 rernm
731 4093 913 4146 humanarum
932 4098 1090 4161 corruptam
1109 4092 1296 4146 conditionem
1315 4092 1466 4160 inuehitur,

347 4198 401 4235 non
421 4183 573 4250 permittat,
594 4188 625 4235 ut
643 4183 724 4250 plura
742 4183 778 4236 de
798 4182 859 4237 deis
878 4182 968 4237 uerba
987 4181 1082 4247 faciat,
1108 4182 1297 4251 posteriorum
1316 4180 1463 4248 placidiori
1559 4174 1568 4216 ι’

346 4269 511 4342 loquacitati
529 4276 558 4324 ct
578 4271 660 4325 senili
679 4275 712 4323 ut
730 4270 770 4324 ita
794 4271 884 4324 dicam
909 4270 1022 4339 habitu,
1049 4288 1084 4325 ex
1110 4287 1165 4340 quo
1192 4270 1331 4324 interdum
1356 4274 1464 4322 tantum

347 4359 473 4427 assurgit
501 4359 537 4412 ad
570 4360 693 4427 priorum
721 4360 778 4413 nim
812 4364 898 4429 atque
923 4358 1074 4431 feruorem,
1106 4360 1179 4415 tales
1212 4358 1464 4435 contemplationes

346 4448 466 4503 maxime
486 4452 553 4504 sunt
572 4452 788 4504 consentaneae.
