3642 5125
795 531 1016 600 ,31-

345 717 468 803 passim
498 737 558 804 per
591 737 702 784 omnes
734 718 851 783 satiras
882 718 1060 804 dispersae.
1106 719 1149 784 At
1171 718 1252 784 nihil
1281 717 1465 803 peruersiuu

347 837 442 916 esset,
466 851 562 913 quam
585 838 710 915 partem
734 850 843 895 earum
862 829 1147 915 interpolatoribus
1170 832 1321 915 tribuere,
1345 831 1465 916 quippe

346 962 428 1024 quac
451 963 523 1008 cnm
545 951 632 1010 totns
656 943 809 1008 dictionis
828 944 973 1028 habitus,
998 950 1066 1008 tum
1086 944 1116 1010 ei
1136 951 1286 1009 tueantur
1304 944 1375 1027 leci,
1400 943 1464 1029 qui,

347 1074 418 1118 curu
441 1075 506 1120 nen
529 1056 616 1122 idem
638 1056 712 1121 finis
736 1056 783 1121 eis
807 1055 850 1120 sit
873 1077 913 1121 ac
936 1056 1093 1140 uersibuS,
1125 1056 1199 1121 eiici
1222 1077 1286 1121 nen
1310 1064 1464 1141 possunt:

347 1168 417 1253 VII,
436 1170 489 1253 II,
509 1170 539 1234 8.
562 1169 634 1234 145.
658 1169 746 1254 VIII,
767 1169 820 1233 73.
844 1169 902 1252 IX,
923 1169 974 1253 18,
996 1189 1038 1233 sa.
1063 1170 1137 1253 XII,
1156 1170 1208 1234 55.
1233 1170 1324 1253 XIII,
1338 1169 1380 1234 75
1404 1175 1464 1235 etc.

347 1280 558 1345 Verissimum
578 1282 619 1346 de
635 1281 707 1346 lccc
725 1288 835 1346 nestro
855 1280 1010 1345 iudicium
1030 1281 1258 1346 Doederliniua
1284 1281 1317 1346 in
1336 1281 1464 1348 Munch.

348 1393 409 1475 gel.
433 1394 511 1458 Anu.
534 1395 610 1472 XII,
623 1396 688 1459 989
711 1394 949 1480 prenuntiauIt:
974 1397 1041 1478 „Ea
1066 1399 1107 1460 iat
1124 1395 1306 1481 allcrcla'upc
1325 1397 1464 1461 einaall·

346 1509 487 1591 qemeina
511 1506 644 1572 Seutccz
666 1509 736 1572 aad
752 1509 829 1595 jede
853 1507 986 1572 Sentcuz
1009 1509 1096 1571 karan
1119 1510 1156 1572 irc
1180 1509 1238 1572 der·
1260 1511 1361 1595 chcl
1384 1533 1462 1596 wep-

349 1621 482 1704 blcibeu,
513 1621 592 1686 chuc
623 1621 677 1684 dic
708 1621 897 1684 dictoriccbe
931 1619 1197 1684 Geduckcarcibc
1227 1644 1267 1684 zu
1295 1630 1463 1688 zcrctiircu.

347 1733 484 1796 Darcuc
497 1732 590 1818 fclpt
612 1732 691 1795 aber·
714 1732 793 1797 ecclc
816 1733 914 1814 nicht,
940 1732 1017 1796 daca
1040 1733 1087 1796 cic
1110 1733 1293 1818 cinpestt'ckt
1314 1735 1370 1798 cci.

436 1844 491 1910 Sic
520 1844 609 1927 VIII,
634 1843 707 1926 140,
734 1843 749 1906 1
783 1861 909 1924 queque
940 1847 972 1907 ct
994 1842 1052 1926 IX,
1077 1842 1129 1927 79,
1154 1861 1180 1907 e.
1204 1842 1364 1908 retinendi
1389 1852 1464 1910 sunt

349 1976 454 2038 neque

453 2067 489 2136 V,
509 2067 575 2121 140:
595 2066 746 2121 iucundum
765 2070 794 2121 et
812 2081 906 2121 carum
926 2064 1029 2121 sterile
1049 2063 1117 2120 facit
1135 2081 1207 2120 uxor
1226 2065 1352 2122 amicum.

348 2186 538 2252 eliciendus.
586 2187 657 2252 Etsi
681 2187 767 2252 enim
791 2186 954 2252 amicum
979 2186 1111 2250 multum
1135 2186 1257 2252 recedit
1279 2209 1300 2252 a
1322 2189 1355 2253 ui
1373 2210 1464 2274 prae-

348 2297 529 2364 cedentium
554 2299 733 2365 deminus
756 2305 883 2364 tamen
914 2305 950 2364 et
973 2299 1116 2364 domini
1147 2320 1227 2385 rex,
1258 2308 1366 2366 tamen
1395 2321 1464 2366 een-

349 2411 471 2476 tentiac
496 2411 640 2493 generali
669 2411 833 2476 condones
864 2412 1066 2496 uocabulum,
1091 2412 1191 2495 qued,
1220 2413 1369 2494 quamuis
1397 2413 1462 2478 lan·

349 2521 490 2608 gnidius,
513 2529 622 2589 tamen
639 2523 683 2608 id,
708 2522 750 2589 ad
770 2521 855 2605 quod
874 2530 1009 2609 spectat,
1028 2524 1111 2591 benc
1133 2524 1301 2611 complecti
1317 2525 1463 2613 possid).

349 2636 472 2701 Eadem
494 2635 562 2702 fere
585 2635 734 2701 condicio
757 2643 807 2701 est
829 2656 860 2700 ιι.
887 2637 949 2700 138
974 2642 1033 2701 sat.
1057 2638 1135 2701 VII:

457 2749 509 2805 sed
526 2747 609 2803 finem
628 2749 773 2817 impensae
791 2764 847 2802 ncn
867 2754 964 2803 seruat
981 2748 1102 2818 prodiga
1119 2750 1217 2804 Roma.

349 2871 399 2935 Ila
421 2870 497 2955 ipsa
517 2868 679 2955 particula
702 2868 776 2933 sed
798 2868 887 2934 baud
910 2888 984 2934 rare
1008 2868 1183 2934 introducit
1211 2868 1383 2934 enunciata
1413 2890 1461 2952 ea,

349 3001 432 3063 quae
455 2988 511 3046 ant
532 3000 665 3066 prorsus
688 3000 933 3065 supemacanea
956 2987 988 3045 et
1013 2980 1084 3046 sine
1107 2981 1174 3045 ulla
1189 2980 1383 3046 necessitate
1407 2980 1461 3045 ad-

349 3093 417 3159 dita
440 3100 497 3159 aut
519 3093 712 3159 sententiam
737 3098 834 3157 antea
857 3112 897 3157 ex
921 3098 1013 3176 parte
1036 3099 1161 3157 tantum
1189 3093 1359 3177 probatam
1389 3112 1462 3176 sup-

349 3206 473 3291 plentia
495 3213 580 3271 totos
602 3206 676 3271 illes
699 3206 787 3270 loces
810 3204 983 3287 languidos
1008 3211 1040 3270 et
1064 3204 1283 3270 claudicantes
1312 3203 1461 3270 reddunt.

349 3339 379 3383 n.
403 3320 462 3403 III,
487 3320 552 3383 232
576 3337 620 3383 ss.
644 3318 699 3400 IV,
730 3319 782 3382 27.
807 3317 850 3380 96
873 3336 916 3382 ss.
945 3317 984 3400 V,
1010 3317 1116 3401 mue.
1148 3318 1202 3401 VI,
1226 3317 1301 3381 471.
1332 3318 1406 3401 660,
1433 3319 1461 3382 1.

349 3432 437 3516 VIII,
451 3432 526 3495 236.
539 3431 581 3515 Χ,
599 3431 651 3515 31,
670 3431 701 3494 2.
726 3430 778 3494 97.
791 3430 866 3513 XII,
879 3428 933 3512 41,
947 3429 977 3492 2.
995 3429 1048 3493 48.
1061 3428 1149 3512 XIV,
1162 3429 1215 3493 43.
1228 3428 1281 3493 49.
1301 3430 1373 3494 117.
1388 3430 1460 3495 194.

366 3566 401 3634 V,
422 3565 576 3619 107-113:
595 3564 654 3633 Ipsi
672 3578 763 3632 pauca
780 3562 873 3631 uelim,
890 3560 1002 3617 facilem
1023 3562 1046 3617 ci
1064 3562 1202 3631 praebeat
1221 3578 1325 3617 auram.

598 3673 697 3733 „nemo
715 3657 797 3726 petit,
815 3657 931 3713 modicis
951 3673 1024 3726 quae
1043 3656 1225 3711 mittebantur
1244 3657 1341 3713 amicit

597 3769 614 3807 a
632 3752 748 3821 Seneca,
769 3767 842 3821 quac
862 3752 929 3806 PIsc
948 3750 1049 3820 bonna,
1069 3767 1142 3821 quae
1162 3751 1247 3807 Cotta
1265 3752 1377 3809 solebat

596 3847 691 3917 largiri
709 3846 842 3919 (namque
861 3850 892 3900 et
909 3846 1000 3902 titulus
1019 3850 1048 3901 et
1066 3845 1192 3902 fascibus
1211 3847 1275 3902 olim

598 3942 687 3996 mai0r
705 3940 864 3996 habebatur
882 3941 1004 3996 donandi
1023 3939 1133 4012 gloria),
1153 3942 1242 3996 solum

421 4101 442 4173 1)
466 4102 599 4157 Ceterum
622 4102 707 4156 mirer
723 4102 875 4156 Hermanni
893 4103 995 4172 uerba,
1020 4103 1068 4173 qni
1086 4102 1175 4172 praet.
1195 4104 1290 4158 XXIII
1308 4105 1381 4160 hunc
1400 4122 1462 4162 ner-

348 4208 425 4261 cum,
451 4192 581 4261 quamuis
605 4192 642 4246 ad
665 4192 770 4246 leonini
793 4192 918 4260 speclem
942 4193 1141 4261 compositum,
1167 4198 1260 4249 tamen
1286 4196 1460 4251 reticendum

347 4296 414 4336 esce
437 4281 512 4335 dicit
555 4281 624 4335 Nam
648 4282 796 4336 satirarum
820 4286 938 4350 poetae,
963 4282 1113 4350 praecipue
1138 4282 1281 4337 quenalis
1305 4286 1460 4351 permultas

347 4386 450 4424 uersus
468 4369 587 4436 babent,
612 4371 661 4439 qui
678 4370 707 4431 in
726 4370 846 4425 eundem
865 4386 965 4426 uenum
984 4375 1102 4439 exeunt,
1128 4370 1176 4439 qui
1195 4375 1241 4426 cst
1259 4376 1325 4427 ante
1344 4374 1461 4442 penthe-

347 4474 490 4513 mrmenm.
