3642 5125
794 559 1014 623 ..12-

348 745 490 831 priorum
514 752 547 811 et
569 743 783 829 posteriorum
807 748 881 808 satt.
917 739 1009 813 {labli
1043 739 1183 806 omnium
1208 721 1358 804 uersuum
1391 759 1460 804 oae-

348 878 456 922 suram
479 857 571 942 XIII,
604 856 647 924 Vra
672 875 756 920 caes.
779 856 858 919 XVI
882 853 1024 920 ostendit
1036 853 1071 940 ¹).

437 970 586 1053 Corsscu,
609 969 718 1034 Ueber
740 967 946 1054 Aussprache
970 974 1029 1032 eto.
1055 967 1112 1033 der
1137 967 1192 1032 lat.
1218 966 1290 1052 Spr.
1321 967 1363 1050 H,
1394 965 1459 1030 416

348 1081 543 1166 comparatis
567 1081 785 1166 compluribus
814 1080 921 1165 poetis
944 1079 1087 1145 Latinis:
1122 1079 1213 1164 „Ans
1244 1083 1354 1146 diesen
1377 1081 1458 1144 Zab-

348 1199 407 1279 lon,
432 1194 546 1279 inquit,
571 1195 676 1281 crpibt
699 1195 779 1276 sict,
805 1195 883 1258 dass
906 1216 938 1258 es
963 1193 1252 1258 darcbecbnittliob
1283 1193 1340 1256 der
1363 1195 1459 1256 oierte

349 1309 398 1374 bis
423 1310 520 1372 dritta
548 1308 641 1371 Tbcil
671 1307 754 1370 aller
786 1306 971 1371 Versstellen
999 1329 1083 1387 war,
1118 1308 1152 1368 ln
1183 1306 1284 1369 denen
1314 1307 1459 1371 Hocbton

347 1423 416 1485 and
452 1421 655 1507 Verslchnnp
686 1423 722 1484 in
750 1420 985 1505 Widersprncb
1015 1420 1122 1502 stand,
1153 1420 1223 1482 nnd
1251 1420 1328 1484 dass
1358 1420 1459 1484 dieses

354 1535 554 1599 Verbdltniss
576 1558 638 1599 oon
660 1536 789 1598 Ennius
813 1534 863 1598 tle
878 1533 1085 1598 Claudianus
1105 1535 1149 1596 im
1164 1531 1297 1597 Gonzon
1315 1532 1459 1597 dasselbe

347 1647 511 1733 pollieben
535 1648 609 1712 iet.“
656 1648 746 1724 Quae
770 1647 868 1711 etiam
890 1647 925 1710 in
948 1646 1112 1711 quenalis
1137 1647 1254 1711 satiras
1279 1666 1350 1710 oum
1375 1645 1458 1729 prio-

346 1779 397 1825 res
421 1766 488 1824 tum
510 1759 707 1844 posteriores
731 1760 848 1824 ualent.
895 1761 978 1824 Nam
1002 1764 1034 1823 ct
1056 1758 1109 1822 bio
1133 1765 1164 1823 et
1195 1757 1260 1822 illic
1287 1758 1321 1822 in
1352 1757 1458 1840 quiuis

346 1871 441 1937 denis
465 1871 622 1955 uersibus,
646 1871 667 1936 i.
699 1892 726 1936 e.
760 1872 794 1936 in
826 1871 1006 1954 nonagenis
1037 1870 1175 1954 pedibus
1206 1870 1306 1935 uicies
1337 1870 1457 1955 septies

345 1983 412 2049 fere
435 1983 487 2048 uel
512 1984 612 2049 uicies
636 1985 738 2049 octies
762 1983 991 2049 uocabulorum
1015 1989 1166 2048 accentus
1193 2003 1258 2047 nou
1283 1984 1402 2050 eadunt
1425 1985 1457 2049 in

345 2098 444 2181 arsiu,
469 2117 540 2162 oum
563 2097 710 2180 singulae
733 2097 785 2161 uel
809 2096 989 2180 complures
1012 2095 1124 2159 horum
1149 2096 1378 2161 uocabulorum
1394 2097 1455 2180 syl-

345 2211 440 2276 labae
463 2216 597 2275 accentu
621 2216 768 2274 carentes
791 2208 824 2273 in
849 2208 915 2272 arsi
938 2207 1064 2292 positae
1088 2207 1162 2272 sint.

433 2323 477 2388 Vt
499 2328 606 2387 autem
630 2321 773 2386 caesuris
796 2320 944 2404 turpibus
972 2320 1199 2402 languidisque
1223 2339 1371 2384 uersuum
1394 2319 1456 2385 for-

346 2456 431 2501 mam
454 2434 586 2500 foedare
608 2433 772 2499 quenalis
795 2433 897 2516 timet,
920 2433 1030 2514 itaque
1053 2432 1115 2497 hae
1137 2433 1170 2496 in
1194 2453 1228 2497 re
1252 2453 1361 2499 eorum
1383 2456 1457 2520 poe-

346 2556 450 2615 tarum
474 2569 606 2615 numero
630 2547 841 2615 ascribendus
865 2553 924 2631 est,
949 2547 1004 2629 qui
1027 2547 1180 2612 maiorem
1200 2568 1308 2613 curam
1331 2548 1365 2613 iu
1389 2568 1456 2613 uer-

348 2662 437 2727 sibus
461 2662 693 2746 componendis
717 2662 881 2745 adhibeut,
915 2660 961 2726 sio
992 2660 1088 2725 etiam
1118 2660 1151 2724 iu
1182 2660 1371 2727 elisionibus
1402 2660 1456 2727 ad-

344 2774 510 2841 mittendis
533 2796 598 2839 nou
622 2781 671 2840 est
693 2774 822 2858 nimius,
846 2774 893 2837 ita
916 2780 951 2838 ut
974 2792 1087 2838 uersus
1111 2773 1180 2838 eius
1205 2772 1284 2838 satis
1309 2773 1373 2839 sint
1404 2795 1455 2839 ex-

284 2936 287 2942 .
345 2888 450 2975 pediti
474 2896 506 2953 et
529 2888 683 2973 perfacile
708 2895 845 2953 currant.
892 2889 1047 2953 Duriores
1073 2888 1202 2952 omnino
1226 2907 1290 2951 non
1314 2888 1455 2972 reperies

344 3002 377 3067 in
402 3002 472 3066 eius
504 3007 596 3084 satt,
632 3007 666 3065 ut
689 3000 812 3085 primae
844 3022 957 3067 uersus
987 3001 1134 3085 syllabae
1164 3001 1340 3085 elisionem,
1375 3000 1456 3083 quae

344 3117 458 3182 nouies
481 3117 515 3181 in
539 3118 614 3182 Hor.
642 3124 726 3199 satt,
751 3116 849 3182 semel
874 3116 962 3201 apud
985 3116 1131 3181 Persium
1157 3116 1307 3182 occurrit:
1336 3117 1456 3201 Neque,

344 3230 434 3295 ouius
473 3229 519 3293 rei
551 3228 627 3294 item
664 3230 752 3314 apud
775 3229 943 3294 Horatium
979 3229 1155 3313 compluria
1190 3235 1264 3294 sunt
1299 3228 1456 3313 exempla,

343 3344 376 3408 in
400 3342 513 3407 ultima
535 3363 649 3409 uersus
673 3342 801 3427 syllaba
824 3341 946 3428 elidit2)
971 3381 1014 3388 -
1037 3344 1075 3406 In
1098 3343 1144 3407 VI
1166 3341 1232 3407 arsi
1256 3348 1457 3407 sextantum

343 3456 485 3522 admittit
513 3456 665 3521 elisiones
693 3476 751 3541 per
783 3461 949 3537 utramque
978 3460 1102 3538 partem
1133 3454 1304 3519 satirarum
1335 3453 1456 3539 disper-

343 3569 566 3653 sas:I,102:
601 3589 675 3651 ego
704 3567 861 3650 adsum,
893 3568 935 3651 II,
959 3568 1016 3632 23:
1047 3567 1299 3652 Aethiopem
1324 3566 1455 3649 albus,

345 3682 425 3748 159:
449 3682 612 3764 quidem
635 3684 762 3766 ultra,
794 3682 882 3766 XIV,
911 3683 991 3747 202:
1020 3682 1200 3748 Tiberim
1228 3681 1354 3765 ultra,
1385 3682 1456 3767 XV,

419 3868 440 3940 ¹)
457 3871 488 3923 In
514 3868 655 3937 prioribus
675 3869 747 3924 euim
767 3873 833 3923 satt.
854 3869 904 3922 153
925 3884 1014 3923 caess.
1039 3868 1122 3937 XIII,
1151 3868 1202 3921 196
1221 3884 1310 3925 caess.
1330 3870 1411 3939 XVI,
1429 3870 1456 3923 in

342 3958 550 4029 posterioribus
569 3960 602 4012 79
622 3975 711 4013 caess.
731 3959 809 4026 XIII,
830 3959 881 4012 100
900 3974 991 4012 caess.
1010 3958 1076 4013 XVI
1096 3958 1216 4026 repperi.

415 4046 438 4119 ²)
456 4048 498 4103 Ne
511 4047 575 4116 quis
595 4052 688 4101 autem
708 4047 774 4101 mihi
794 4047 915 4113 obiiciat,
935 4052 991 4102 est
1009 4047 1176 4115 compluries
1196 4046 1231 4101 ab
1252 4063 1362 4103 cocum
1375 4064 1457 4103 uoca-

343 4137 409 4192 bulo
430 4136 608 4191 antecedenti
625 4136 652 4189 in
672 4135 726 4191 fine
746 4154 880 4191 uersuum
900 4136 1046 4205 conlundi,
1070 4137 1140 4191 haee
1159 4136 1332 4207 synaloephe
1351 4138 1456 4207 potius,

343 4242 426 4295 quam
446 4226 526 4281 elisio
546 4226 700 4281 communis
719 4227 745 4281 ci
764 4231 810 4281 est
828 4243 890 4280 oum
910 4228 996 4296 Verg.
1017 4226 1156 4282 Ou.Pers.
1172 4230 1201 4281 et
1217 4226 1347 4282 omnibus
1362 4232 1457 4297 poste·

342 4316 464 4371 rioribus
484 4315 586 4385 poetis.
622 4316 815 4371 Reiieioudum
835 4321 929 4371 autem
949 4321 1002 4384 est,
1022 4316 1046 4370 si
1066 4316 1095 4371 Ο.
1110 4316 1152 4369 Fr.
1167 4316 1341 4371 Hermanuus
1362 4321 1458 4371 contra

343 4405 424 4459 codd.
443 4406 520 4473 VIII,
539 4406 591 4459 203
610 4406 799 4461 tridentem
819 4411 866 4475 et,
891 4411 921 4461 et
939 4406 1015 4473 XIII,
1041 4405 1075 4458 82
1094 4405 1272 4459 Minervae
1292 4410 1327 4460 et
1350 4407 1378 4460 iu
1402 4406 1456 4462 fine

343 4509 478 4550 uersuum
495 4493 584 4563 ponit
750 4505 761 4523 ·
