3642 5125
804 527 1026 594 -36-

357 709 455 795 plane
478 732 519 778 ex
540 711 707 779 uoluntate
729 731 789 779 sua
808 713 903 780 Ribb.
927 712 979 779 uel
1003 713 1140 798 scriptor
1161 713 1235 778 miri
1257 711 1343 779 illius
1366 733 1471 780 exem-

357 824 458 910 plaris
481 825 629 892 quenali
652 827 799 911 abrogat.
845 827 910 892 Gur
936 827 1023 892 enirn
1051 833 1141 892 tanto
1164 847 1296 892 nurnero
1320 843 1482 920 uersuum·

355 955 388 1004 1.
411 939 567 1004 98-110
589 939 710 1006 addere
732 959 797 1004 non
821 940 918 1004 uult?
954 939 990 1006 Si
1018 939 1147 1004 omnino
1171 938 1390 1021 digressiones
1414 939 1471 1004 tol-

355 1050 470 1116 lendas
493 1071 567 1117 esse
591 1071 741 1137 censeas,
764 1057 868 1136 totas,
892 1072 958 1116 non
981 1071 1021 1117 ex
1045 1057 1137 1137 parte
1160 1052 1266 1117 tollas.
1302 1051 1366 1116 Vix
1390 1071 1470 1136 opus

356 1171 423 1250 est,
454 1165 551 1231 talem
583 1165 735 1232 eiiciendi
763 1165 922 1231 rationem
954 1183 1018 1229 uno
1049 1170 1172 1228 tantum
1202 1164 1302 1229 uerbo
1326 1171 1469 1246 tangere.

356 1275 422 1344 Sed
445 1276 510 1342 duo
534 1284 609 1343 sunt
631 1278 695 1342 loci
718 1277 752 1342 in
774 1276 836 1342 hoc
853 1295 1005 1342 uersuum
1023 1295 1166 1361 numero,
1190 1276 1374 1360 dequibus,
1398 1296 1469 1340 curn

354 1411 376 1455 1
399 1389 618 1476 compluribus
649 1389 728 1454 uiris
757 1389 864 1454 doctis
894 1387 989 1454 eiecti
1018 1383 1098 1472 sint,
1134 1408 1240 1472 pauca
1269 1387 1348 1451 mihi
1378 1395 1470 1451 erunt

355 1503 503 1570 dicenda.
549 1503 1159 1570 Ρ1111111111111111.11111112.
1206 1501 1269 1566 Vbi
1297 1519 1368 1565 curn
1393 1502 1468 1564 Her-

354 1638 474 1684 manno
498 1617 613 1684 scribi:

921 1729 992 1784 haec
1010 1728 1114 1783 etenim
1133 1733 1200 1783 sunt

674 1842 726 1896 pro
745 1825 870 1881 summis.
888 1825 984 1880 Bellos
1002 1825 1128 1879 Rhodios
1140 1828 1201 1915 Ι111.

354 1947 482 2014 duobus
505 1947 719 2014 hemistichiis
742 1948 895 2033 sublatis,
927 1967 967 2012 ea
989 1953 1115 2031 uetant,
1144 1945 1231 2030 quod
1253 1952 1286 2011 11
1308 1947 1362 2012 uix
1387 1949 1467 2012 ueri-

355 2060 460 2127 simile
483 2066 550 2146 est,
573 2062 678 2126 locum
702 2061 749 2127 ita
771 2061 813 2128 ab
836 2062 992 2127 quenale
1016 2062 1169 2146 scripturn
1192 2062 1226 2126 in
1250 2082 1338 2144 eam,
1371 2081 1466 2143 quam

353 2195 440 2240 nunc
468 2173 562 2240 codd.
593 2173 769 2260 praebent,
799 2172 936 2239 formam
966 2179 1125 2239 mutatum
1149 2193 1221 2239 esse
1244 2180 1276 2238 11
1298 2172 1379 2237 nihil
1402 2193 1466 2237 ma-

353 2286 504 2352 nifestius
533 2296 598 2371 est,
630 2305 726 2368 quam
754 2303 786 2350 u.
820 2286 881 2350 111
915 2291 947 2351 et
979 2287 1042 2350 112
1073 2286 1239 2351 extribus
1263 2285 1466 2368 glossematis

353 2398 554 2483 compositos
577 2417 659 2464 1111.
694 2397 804 2463 Verba
824 2397 911 2462 enim
935 2397 969 2463 si
993 2398 1081 2480 quis
1104 2398 1143 2462 in
1168 2397 1349 2462 aedicula
1373 2397 1466 2462 deus

354 2510 496 2576 unicus
520 2531 541 2576 a
561 2509 693 2577 librario
717 2509 752 2575 in
774 2509 921 2593 margine
944 2510 1086 2595 ascripta
1106 2516 1194 2595 sunt,
1218 2517 1253 2575 ut
1269 2509 1467 2595 explicentur

354 2625 392 2689 si
420 2624 530 2707 quod
553 2624 796 2711 spectabile
816 2624 997 2708 signum,
1029 2624 1109 2689 alter
1131 2623 1259 2689 addidit
1284 2623 1381 2687 haec
1416 2628 1466 2689 et-

355 2736 457 2801 enim
477 2744 657 2823 suntpro
679 2736 857 2821 summis,
889 2736 1005 2801 tertius
1028 2756 1118 2800 nam
1144 2742 1240 2800 sunt
1266 2734 1369 2801 haec
1394 2756 1466 2800 ma-

355 2848 473 2913 xima.
520 2849 600 2914 Oum
614 2849 801 2929 autem-hae
828 2848 1008 2933 particulae
1039 2846 1120 2912 duos
1149 2866 1263 2913 uersus
1289 2868 1354 2912 non
1384 2868 1466 2912 oom-

354 2960 488 3044 plerent,
502 2960 615 3026 addita
628 2967 703 3026 sunt
718 2982 759 3027 ex
772 2960 830 3045 eis,
847 2980 931 3043 quae
944 2966 1107 3025 secuntur:
1133 2958 1340 3043 despicias
1360 2966 1410 3025 tu.
1423 2998 1466 3005 —

354 3073 499 3139 Alterum
527 3074 649 3160 locum,
681 3094 712 3139 u.
746 3075 827 3157 124,
857 3073 1060 3139 retinendum
1092 3092 1225 3158 censeo,
1262 3094 1331 3139 curn
1364 3092 1466 3155 neque

229 3191 232 3197 '
354 3206 515 3252 armorum
536 3188 737 3254 enumeratio
759 3206 865 3270 neque
888 3188 1088 3269 subsequens
1112 3187 1273 3252 sententia
1297 3187 1466 3271 generalis,

354 3320 437 3382 qnae
460 3319 514 3384 ea,
545 3319 628 3381 quae
650 3300 860 3385 antecedunt,
889 3298 1144 3384 comprehendit,
1170 3300 1257 3384 apud
1279 3299 1465 3364 quenalem

354 3412 419 3477 sint
441 3412 558 3497 mirae3
582 3413 786 3479 Hermannus
809 3420 917 3479 autem
936 3419 1025 3478 scuto
1043 3413 1215 3497 gladioque
1233 3413 1353 3479 relictis
1370 3413 1465 3478 etiam

353 3526 493 3591 iaculum
518 3524 604 3591 dorni
627 3524 777 3592 Afrorum
800 3526 997 3591 mentionem
1020 3532 1244 3609 antegressam
1268 3531 1378 3591 uetare
1401 3544 1466 3589 reo·
1566 3610 1570 3615 Ι

353 3638 479 3703 tissime
503 3634 738 3705 commemoret.

443 3752 601 3817 Versuum
624 3771 706 3834 quos
729 3753 821 3836 VIII,
845 3752 926 3836 202,
950 3752 971 3816 3
994 3751 1148 3834 legimus:

549 3888 663 3942 damnat
682 3888 754 3942 cuim
773 3889 846 3943 tales
863 3887 993 3957 habitus3
1014 3891 1044 3943 et
1062 3888 1176 3943 damnat
1194 3892 1224 3943 11
1243 3888 1303 3942 odit

547 3993 601 4037 nec
618 3982 701 4051 galea
717 3980 819 4037 faciem
838 3982 995 4038 abscondil.
1014 3987 1111 4037 mouet
1129 3998 1195 4037 ecce
1214 3982 1372 4051 tridentem,

223 4153 229 4159 .
351 4098 492 4187 priorem
522 4101 563 4167 ob
592 4100 763 4186 repetitum
794 4101 963 4167 damnat
993 4107 1025 4167 et
1054 4101 1140 4183 quod
1170 4100 1258 4166 nulla
1287 4120 1386 4166 causa
1415 4100 1466 4185 sit,

352 4233 409 4278 cur
438 4212 519 4277 illud
547 4212 629 4278 adeo
660 4214 850 4298 affirmetur,
884 4214 1060 4279 Paldamus
1083 4214 1116 4279 in
1141 4213 1296 4279 Zeitsohr.
1321 4212 1342 4278 f.
1367 4213 1467 4278 Alter-

351 4326 654 4409 1111111118381.
674 4325 876 4411 1144111111,
898 4326 977 4392 item
1000 4326 1172 4410 Rupertius
1196 4333 1228 4392 et
1250 4324 1466 4391 Heinriohius.

351 4439 493 4503 Verbum
523 4438 695 4504 damnat
721 4438 891 4523 repetitum
923 4436 1135 4522 suspitionem
1164 4438 1252 4524 apud
1280 4439 1466 4505 quenalem
