3642 5125
794 491 1018 556 -41-

347 676 405 743 sed
429 676 567 761 scriptor
589 672 771 759 satirarum,
802 694 886 756 quae
913 673 1078 738 bominum
1102 673 1206 739 malos
1229 691 1334 738 mores
1357 691 1464 756 perse-

346 795 481 870 quentes
511 807 638 871 semper
668 787 703 850 in
730 806 782 852 res
806 770 965 851 humanas
989 805 1164 851 conuersae
1187 805 1260 850 raro
1284 793 1408 852 tantum
1431 786 1465 852 in

347 900 426 965 deos
453 900 610 965 incidunt.
653 900 741 978 Quos
772 920 845 966 eum
873 898 1003 964 credere
1027 918 1114 982 6666,
1139 898 1204 962 iam
1228 918 1331 964 exeo
1355 899 1465 964 uerisi-

345 1012 421 1078 mile
438 1013 483 1097 fit,
508 1013 594 1095 quod
611 1013 735 1098 passim
754 1013 900 1096 singulos
913 1013 1066 1098 appellat,
1090 1013 1177 1097 61Π,
1196 1012 1259 1076 128
1279 1011 1465 1098 Gradiue,

346 1126 437 1210 XIII,
462 1127 501 1191 81
534 1127 730 1209 Neptune.
784 1127 867 1189 Tum
895 1126 954 1209 III,
983 1125 1024 1189 13
1053 1123 1094 1190 de
1124 1123 1255 1189 numine
1284 1143 1388 1206 aquae
1419 1124 1467 1190 ita

345 1238 495 1322 loquitur,
519 1244 554 1302 ut
573 1237 649 1319 quin
668 1243 763 1321 esset,
788 1256 860 1302 eum
878 1257 943 1301 non
963 1235 1131 1301 dubitasse
1152 1234 1275 1300 eredas.
1310 1236 1365 1320 VI,
1377 1236 1465 1321 41,8

347 1370 433 1435 eum,
467 1350 519 1415 cui
541 1349 662 1434 pudica
684 1368 765 1413 uxor
795 1348 986 1430 contigerit,
1015 1348 1087 1413 Ioui
1109 1347 1281 1412 iuuencam
1303 1347 1393 1413 iubet
1416 1368 1466 1414 sa·

347 1463 492 1529 orificari.
518 1464 560 1547 X,
577 1464 650 1547 112,
675 1462 739 1526 11161
762 1462 889 1546 poetico
914 1467 1038 1526 tantum
1061 1461 1157 1526 modo
1180 1466 1316 1526 mortem
1334 1460 1465 1525 circum-

219 1551 224 1558 ’
346 1576 459 1642 serina
490 1574 543 1658 (cf.
566 1576 625 1658 111,
644 1573 719 1638 666.
751 1574 805 1658 vr,
829 1573 873 1639 in.
899 1574 972 1639 166.
997 1571 1071 1638 eoo.
1102 1574 1174 1657 vu,
1196 1572 1249 1638 66.
1281 1572 1369 1656 mur,
1392 1573 1464 1637 166.

345 1689 387 1773 X,
403 1689 475 1752 116.
498 1688 573 1771 XII,
589 1687 677 1770 122),
701 1685 842 1750 ostendit
864 1685 1051 1751 quenalem
1075 1705 1139 1750 non
1164 1685 1370 1752 consensisse
1393 1705 1465 1750 oum

346 1801 472 1884 uulgari
500 1799 552 1864 sui
580 1798 735 1882 temporis
771 1797 939 1882 opinione,
975 1797 1092 1864 Orcum
1124 1797 1254 1862 omnino
1284 1817 1350 1863 non
1380 1816 1464 1864 6666.

346 1915 404 1998 XI,
428 1914 492 1977 114
521 1914 631 1977 Iouem
660 1911 707 1976 ait
736 1931 815 1976 uoce
846 1932 906 1977 sua
933 1912 1076 1996 priorum
1099 1919 1278 1997 temporum
1302 1913 1465 1978 Romanos

346 2026 510 2091 monuisse
522 2026 683 2107 rebusque
695 2025 799 2091 Latiis
813 2046 922 2090 euram
942 2025 1153 2110 praestitisse.
1167 2026 1243 2110 XII,
1260 2025 1303 2090 in.
1322 2025 1464 2108 83-92,

345 2139 401 2203 ubi
419 2139 499 2223 Ioui,
520 2139 647 2223 Iunoni,
672 2139 838 2206 Mineruae
861 2160 955 2205 saera
977 2138 1121 2206 facturus
1145 2144 1195 2205 661
1210 2159 1269 2224 pro
1287 2138 1391 2204 salute
1406 2137 1464 2202 Ga-

345 2251 416 2316 16111
446 2252 552 2337 amici,
588 2251 730 2318 omnium
758 2252 871 2317 borum
895 2253 1037 2318 looornm
1061 2253 1247 2336 grauissimi
1270 2259 1355 2336 sunt,
1391 2271 1464 2317 oum

346 2383 440 2428 nemo
455 2363 506 2447 sit,
530 2364 608 2446 quin
631 2384 789 2430 summam
812 2372 929 2449 poetae
953 2385 1031 2448 erga
1054 2366 1133 2430 deos
1157 2366 1310 2450 pietatem
1333 2365 1465 2450 111666-

346 2465 459 2563 parere
482 2476 647 2543 concedat.
694 2477 890 2542 Historieum
914 2497 1040 2561 quoque
1059 2477 1288 2564 testimonium,
1313 2476 1353 2542 de
1372 2476 1464 2542 ouius

345 2590 409 2655 fide
440 2590 581 2657 dubitari
611 2590 731 2674 nequit,
767 2589 879 2655 titulus
910 2597 959 2655 est
987 2590 1118 2674 Aquini,
1146 2590 1181 2654 in
1205 2590 1279 2675 ipsa
1301 2590 1465 2656 quenalis

345 2703 462 2787 patria,
493 2709 639 2788 repertus
670 2703 715 2787 (u.
739 2703 928 2787 Mommsen,
951 2704 1052 2768 Insor.
1076 2705 1113 2767 R.
1138 2704 1240 2787 Neap.
1264 2701 1376 2788 4312),
1401 2721 1464 2784 quo

345 2815 510 2880 quenalis
523 2814 631 2881 Cereri
649 2814 832 2900 (Heluinae,
856 2835 919 2898 quo
939 2815 1069 2880 nomine
1088 2815 1130 2879 ab
1146 2815 1361 2898 Aquinatibus
1379 2815 1465 2880 culta

347 2935 412 2994 est:
455 2949 485 2993 u.
517 2928 577 3011 III,
597 2927 684 3014 320)
704 2946 831 2991 sacrum
862 2927 908 2993 ait
936 2946 972 2993 66
1004 2926 1184 2993 dedicasse.
1239 2926 1465 3012 Compluribus

347 3041 427 3106 locis
449 3038 663 3124 posteriorum
687 3039 869 3125 satirarum,
899 3039 956 3105 ubi
980 3039 1057 3122 quid
1080 3038 1121 3104 de
1144 3039 1215 3105 deis
1238 3040 1366 3125 sentiat,
1391 3060 1463 3125 pro-

348 3153 489 3237 nuntiat,
523 3153 556 3217 id
585 3158 710 3219 tantum
739 3173 798 3218 nos
829 3153 933 3238 docet,
968 3153 1096 3235 qualem
1118 3152 1279 3218 rationem
1302 3151 1386 3217 inter
1409 3171 1465 3218 eos

348 3270 381 3331 61
407 3264 573 3330 hominum
603 3285 709 3331 mores
739 3271 836 3347 atque
858 3265 1001 3331 indolem
1023 3263 1223 3331 intercedere
1246 3270 1347 3349 putet.
1393 3266 1466 3332 Non

348 3378 434 3443 enim
451 3378 563 3461 quales
582 3379 648 3444 sint
670 3379 723 3445 dei
741 3379 885 3464 separati
904 3402 926 3445 a
942 3378 1072 3463 mundo,
1095 3379 1283 3462 interrogat,
1308 3376 1367 3444 sed
1390 3388 1484 3460 qua'

348 3488 396 3555 les
427 3489 493 3555 sint
520 3490 631 3555 mundi
659 3491 889 3572 hominumque
911 3490 1154 3573 gubernatores.
1200 3489 1334 3569 Qualem
1358 3496 1466 3556 autem

348 3602 390 3668 de
407 3603 455 3669 eis
473 3602 594 3669 habeat
616 3602 811 3688 opinionem,
836 3622 877 3668 ex
893 3602 1040 3687 pluribus
1062 3602 1143 3668 locis
1160 3602 1236 3669 11661
1258 3622 1465 3686 cognoscere.

350 3714 482 3780 Summa
505 3735 577 3780 cum
601 3715 635 3780 ni
658 3721 691 3781 61
713 3714 918 3781 contentione
942 3714 1002 3779 sub
1025 3714 1122 3781 finem
1146 3720 1205 3781 sat.
1229 3716 1312 3782 XIII
1334 3735 1465 3801 persua·

349 3827 425 3893 dere
444 3826 539 3893 nobis
558 3834 699 3912 conatur,
723 3846 881 3892 summam
900 3844 973 3891 6666
993 3825 1125 3892 deorum
1144 3826 1301 3895 iustitiam
1321 3834 1353 3895 et
1368 3828 1465 3895 finem

348 3937 429 4006 facit
450 3938 575 4025 uerbis:

629 4043 633 4050 ·
883 4026 1053 4095 tandemque
1072 4024 1200 4082 fatebere
1218 4027 1321 4097 laetus,

509 4136 562 4177 1166
580 4122 694 4177 surdum
713 4137 766 4176 nec
783 4121 921 4176 Tiresiam
940 4136 1109 4190 quemquam
1128 4138 1193 4176 6666
1213 4122 1337 4179 deorum.

351 4220 463 4300 Neque
486 4224 609 4282 tantum
632 4193 718 4282 mala
739 4216 885 4282 facinora
908 4216 961 4282 dei
985 4216 1190 4301 ulciscuntur,
1214 4217 1272 4283 sed
1296 4221 1340 4306 (u.
1364 4222 1443 4309 209)

564 4330 657 4384 scelus
675 4330 749 4384 intra
768 4346 799 4385 66
819 4329 935 4384 tacitum
956 4328 1004 4399 qui
1023 4330 1130 4401 cogitat
1148 4331 1233 4386 ullum

564 4422 632 4481 16611
650 4424 754 4481 crimen
772 4423 866 4481 babet
