<?xml version="1.0" encoding="UTF-8"?>
<!DOCTYPE html PUBLIC "-//W3C//DTD XHTML 1.0 Transitional//EN"
    "http://www.w3.org/TR/xhtml1/DTD/xhtml1-transitional.dtd">
<html xmlns="http://www.w3.org/1999/xhtml" xml:lang="en" lang="en">
 <head>
  <title>
</title>
<meta http-equiv="Content-Type" content="text/html;charset=utf-8" />
  <meta name='ocr-system' content='tesseract 3.04.00' />
  <meta name='ocr-capabilities' content='ocr_page ocr_carea ocr_par ocr_line ocrx_word'/>
</head>
<body>
  <div class='ocr_page' id='page_1' title='image "./vindiciaeivvena00lupugoog_0043.png"; bbox 0 0 3642 5125; ppageno 0'>
   <div class='ocr_carea' id='block_1_1' title="bbox 799 521 1020 626">
    <p class='ocr_par' dir='ltr' id='par_1_1' title="bbox 799 521 1020 626">
     <span class='ocr_line' id='line_1_1' title="bbox 799 521 1020 626; baseline -0.005 -57"><span class='ocrx_word' id='word_1_1' title='bbox 799 560 843 569; x_wconf 83' lang='grc'><strong>-</strong></span> <span class='ocrx_word' id='word_1_2' title='bbox 887 521 931 586; x_wconf 86' lang='lat'><strong>35</strong></span> <span class='ocrx_word' id='word_1_3' title='bbox 959 559 1020 626; x_wconf 22' lang='lat' dir='ltr'><strong>x..</strong></span> 
     </span>
    </p>
   </div>
   <div class='ocr_carea' id='block_1_2' title="bbox 326 701 1545 2930">
    <p class='ocr_par' dir='ltr' id='par_1_2' title="bbox 326 701 1545 2930">
     <span class='ocr_line' id='line_1_2' title="bbox 353 701 1468 791; baseline 0 -22"><span class='ocrx_word' id='word_1_4' title='bbox 353 705 456 790; x_wconf 90' lang='lat' dir='ltr'><strong>repeti</strong></span> <span class='ocrx_word' id='word_1_5' title='bbox 471 704 559 770; x_wconf 88' lang='lat' dir='ltr'><strong>nulla</strong></span> <span class='ocrx_word' id='word_1_6' title='bbox 575 711 625 770; x_wconf 89' lang='lat' dir='ltr'><strong>est</strong></span> <span class='ocrx_word' id='word_1_7' title='bbox 642 725 756 791; x_wconf 89' lang='lat' dir='ltr'><strong>causa,</strong></span> <span class='ocrx_word' id='word_1_8' title='bbox 780 705 952 791; x_wconf 89' lang='lat' dir='ltr'><strong>posthac</strong></span> <span class='ocrx_word' id='word_1_9' title='bbox 974 705 1237 772; x_wconf 90' lang='lat' dir='ltr'><strong>molestissimum</strong></span> <span class='ocrx_word' id='word_1_10' title='bbox 1261 709 1319 789; x_wconf 91' lang='lat' dir='ltr'><strong>est,</strong></span> <span class='ocrx_word' id='word_1_11' title='bbox 1342 701 1468 769; x_wconf 89' lang='lat' dir='ltr'><strong>multa</strong></span> 
     </span>
     <span class='ocr_line' id='line_1_3' title="bbox 353 802 1466 903; baseline 0 -22"><span class='ocrx_word' id='word_1_12' title='bbox 353 802 478 900; x_wconf 82' lang='lat' dir='ltr'><strong>uirga</strong></span> <span class='ocrx_word' id='word_1_13' title='bbox 499 809 697 903; x_wconf 88' lang='lat' dir='ltr'><strong>perobscura</strong></span> <span class='ocrx_word' id='word_1_14' title='bbox 720 826 803 885; x_wconf 91' lang='lat' dir='ltr'><strong>sunt.</strong></span> <span class='ocrx_word' id='word_1_15' title='bbox 846 818 1011 903; x_wconf 74' lang='lat' dir='ltr'>Quidquid</span> <span class='ocrx_word' id='word_1_16' title='bbox 1033 821 1238 885; x_wconf 89' lang='lat' dir='ltr'><strong>Hermannus</strong></span> <span class='ocrx_word' id='word_1_17' title='bbox 1262 815 1466 902; x_wconf 82' lang='lat' dir='ltr'><strong>contradixit,</strong></span> 
     </span>
     <span class='ocr_line' id='line_1_4' title="bbox 326 929 1466 1016; baseline 0.001 -23"><span class='ocrx_word' id='word_1_18' title='bbox 326 941 330 949; x_wconf 89' lang='lat'>&#39;</span> <span class='ocrx_word' id='word_1_19' title='bbox 353 929 533 995; x_wconf 89' lang='lat' dir='ltr'><strong>Heinrichii</strong></span> <span class='ocrx_word' id='word_1_20' title='bbox 557 932 718 997; x_wconf 87' lang='lat' dir='ltr'><strong>sententia</strong></span> <span class='ocrx_word' id='word_1_21' title='bbox 740 931 881 1000; x_wconf 82' lang='lat' dir='ltr'><strong>maxime</strong></span> <span class='ocrx_word' id='word_1_22' title='bbox 904 938 955 998; x_wconf 87' lang='lat' dir='ltr'><strong>est</strong></span> <span class='ocrx_word' id='word_1_23' title='bbox 977 931 1181 1016; x_wconf 90' lang='lat' dir='ltr'><strong>uerisimilis,</strong></span> <span class='ocrx_word' id='word_1_24' title='bbox 1210 951 1251 997; x_wconf 91' lang='lat' dir='ltr'><strong>ex</strong></span> <span class='ocrx_word' id='word_1_25' title='bbox 1278 929 1466 995; x_wconf 85' lang='lat' dir='ltr'><strong>famosos</strong></span> 
     </span>
     <span class='ocr_line' id='line_1_5' title="bbox 353 1043 1466 1126; baseline -0.002 -19"><span class='ocrx_word' id='word_1_26' title='bbox 353 1063 383 1108; x_wconf 96' lang='grc' dir='ltr'><strong>ιι.</strong></span> <span class='ocrx_word' id='word_1_27' title='bbox 409 1045 438 1109; x_wconf 87' lang='lat'><strong>8.</strong></span> <span class='ocrx_word' id='word_1_28' title='bbox 462 1051 606 1110; x_wconf 91' lang='lat' dir='ltr'><strong>nostrum</strong></span> <span class='ocrx_word' id='word_1_29' title='bbox 630 1064 759 1110; x_wconf 91' lang='lat' dir='ltr'><strong>uersum</strong></span> <span class='ocrx_word' id='word_1_30' title='bbox 777 1044 935 1126; x_wconf 83' lang='lat' dir='ltr'><strong>originem</strong></span> <span class='ocrx_word' id='word_1_31' title='bbox 955 1043 1097 1109; x_wconf 87' lang='lat' dir='ltr'><strong>duxisse.</strong></span> <span class='ocrx_word' id='word_1_32' title='bbox 1132 1044 1334 1108; x_wconf 82' lang='lat' dir='ltr'><strong>Fumosos</strong></span> <span class='ocrx_word' id='word_1_33' title='bbox 1358 1047 1466 1108; x_wconf 89' lang='lat' dir='ltr'><strong>autem</strong></span> 
     </span>
     <span class='ocr_line' id='line_1_6' title="bbox 354 1153 1466 1240; baseline -0.001 -21"><span class='ocrx_word' id='word_1_34' title='bbox 354 1155 451 1220; x_wconf 91' lang='lat' dir='ltr'><strong>etiam</strong></span> <span class='ocrx_word' id='word_1_35' title='bbox 475 1177 506 1221; x_wconf 95' lang='grc' dir='ltr'><strong>ιι.</strong></span> <span class='ocrx_word' id='word_1_36' title='bbox 531 1158 561 1221; x_wconf 82' lang='grc'><strong>7.</strong></span> <span class='ocrx_word' id='word_1_37' title='bbox 586 1156 690 1222; x_wconf 89' lang='lat' dir='ltr'><strong>deleto</strong></span> <span class='ocrx_word' id='word_1_38' title='bbox 714 1157 819 1221; x_wconf 90' lang='lat' dir='ltr'><strong>locum</strong></span> <span class='ocrx_word' id='word_1_39' title='bbox 842 1162 952 1222; x_wconf 91' lang='lat' dir='ltr'><strong>tenere</strong></span> <span class='ocrx_word' id='word_1_40' title='bbox 973 1162 1090 1240; x_wconf 88' lang='lat' dir='ltr'><strong>potest.</strong></span> <span class='ocrx_word' id='word_1_41' title='bbox 1137 1156 1219 1222; x_wconf 89' lang='lat' dir='ltr'><strong>Nam</strong></span> <span class='ocrx_word' id='word_1_42' title='bbox 1243 1153 1365 1239; x_wconf 87' lang='lat' dir='ltr'><strong>cogita,</strong></span> <span class='ocrx_word' id='word_1_43' title='bbox 1396 1160 1466 1219; x_wconf 90' lang='lat' dir='ltr'><strong>tan·</strong></span> 
     </span>
     <span class='ocr_line' id='line_1_7' title="bbox 353 1264 1545 1354; baseline -0.003 -22"><span class='ocrx_word' id='word_1_44' title='bbox 353 1274 456 1332; x_wconf 90' lang='lat' dir='ltr'><strong>torum</strong></span> <span class='ocrx_word' id='word_1_45' title='bbox 480 1269 622 1333; x_wconf 91' lang='lat' dir='ltr'><strong>uirorum</strong></span> <span class='ocrx_word' id='word_1_46' title='bbox 650 1269 772 1354; x_wconf 91' lang='lat' dir='ltr'><strong>prolem</strong></span> <span class='ocrx_word' id='word_1_47' title='bbox 802 1274 877 1334; x_wconf 94' lang='lat' dir='ltr'><strong>ante</strong></span> <span class='ocrx_word' id='word_1_48' title='bbox 901 1288 1011 1333; x_wconf 92' lang='lat' dir='ltr'><strong>eorum</strong></span> <span class='ocrx_word' id='word_1_49' title='bbox 1037 1273 1162 1333; x_wconf 89' lang='lat' dir='ltr'><strong>statuas</strong></span> <span class='ocrx_word' id='word_1_50' title='bbox 1185 1267 1220 1331; x_wconf 94' lang='lat' dir='ltr'><strong>in</strong></span> <span class='ocrx_word' id='word_1_51' title='bbox 1243 1265 1325 1332; x_wconf 89' lang='lat' dir='ltr'><strong>atrio</strong></span> <span class='ocrx_word' id='word_1_52' title='bbox 1349 1264 1466 1331; x_wconf 90' lang='lat' dir='ltr'><strong>consti·</strong></span> <span class='ocrx_word' id='word_1_53' title='bbox 1542 1309 1545 1316; x_wconf 68' lang='lat'><strong>,</strong></span> 
     </span>
     <span class='ocr_line' id='line_1_8' title="bbox 353 1379 1467 1464; baseline -0.002 -20"><span class='ocrx_word' id='word_1_54' title='bbox 353 1385 441 1445; x_wconf 89' lang='lat' dir='ltr'><strong>tutas</strong></span> <span class='ocrx_word' id='word_1_55' title='bbox 465 1381 570 1463; x_wconf 92' lang='lat' dir='ltr'><strong>obque</strong></span> <span class='ocrx_word' id='word_1_56' title='bbox 593 1381 627 1445; x_wconf 91' lang='lat' dir='ltr'><strong>id</strong></span> <span class='ocrx_word' id='word_1_57' title='bbox 650 1380 794 1446; x_wconf 83' lang='lat' dir='ltr'><strong>fumosas</strong></span> <span class='ocrx_word' id='word_1_58' title='bbox 818 1386 922 1464; x_wconf 87' lang='lat' dir='ltr'><strong>stare,</strong></span> <span class='ocrx_word' id='word_1_59' title='bbox 954 1379 1082 1462; x_wconf 89' lang='lat' dir='ltr'><strong>generis</strong></span> <span class='ocrx_word' id='word_1_60' title='bbox 1111 1379 1255 1444; x_wconf 88' lang='lat' dir='ltr'><strong>tabulam</strong></span> <span class='ocrx_word' id='word_1_61' title='bbox 1284 1385 1340 1444; x_wconf 89' lang='lat' dir='ltr'><strong>aut</strong></span> <span class='ocrx_word' id='word_1_62' title='bbox 1369 1397 1467 1442; x_wconf 91' lang='lat' dir='ltr'><strong>manu</strong></span> 
     </span>
     <span class='ocr_line' id='line_1_9' title="bbox 353 1491 1467 1578; baseline 0 -21"><span class='ocrx_word' id='word_1_63' title='bbox 353 1500 515 1559; x_wconf 91' lang='lat' dir='ltr'><strong>tenentem</strong></span> <span class='ocrx_word' id='word_1_64' title='bbox 531 1500 587 1558; x_wconf 92' lang='lat' dir='ltr'><strong>aut</strong></span> <span class='ocrx_word' id='word_1_65' title='bbox 610 1493 655 1557; x_wconf 91' lang='lat' dir='ltr'><strong>ibi</strong></span> <span class='ocrx_word' id='word_1_66' title='bbox 680 1494 870 1561; x_wconf 89' lang='lat' dir='ltr'><strong>collocatam</strong></span> <span class='ocrx_word' id='word_1_67' title='bbox 893 1493 1120 1578; x_wconf 79' lang='lat' dir='ltr'><strong>inspicientem</strong></span> <span class='ocrx_word' id='word_1_68' title='bbox 1144 1499 1176 1558; x_wconf 90' lang='lat' dir='ltr'><strong>et</strong></span> <span class='ocrx_word' id='word_1_69' title='bbox 1199 1514 1239 1559; x_wconf 92' lang='lat' dir='ltr'><strong>ex</strong></span> <span class='ocrx_word' id='word_1_70' title='bbox 1263 1513 1303 1558; x_wconf 91' lang='lat' dir='ltr'><strong>ea</strong></span> <span class='ocrx_word' id='word_1_71' title='bbox 1324 1491 1467 1576; x_wconf 87' lang='lat' dir='ltr'><strong>nomina,</strong></span> 
     </span>
     <span class='ocr_line' id='line_1_10' title="bbox 354 1605 1467 1688; baseline -0.001 -19"><span class='ocrx_word' id='word_1_72' title='bbox 354 1612 493 1670; x_wconf 89' lang='lat' dir='ltr'><strong>aetatem</strong></span> <span class='ocrx_word' id='word_1_73' title='bbox 521 1613 581 1671; x_wconf 90' lang='lat' dir='ltr'><strong>etc.</strong></span> <span class='ocrx_word' id='word_1_74' title='bbox 611 1605 803 1671; x_wconf 84' lang='lat' dir='ltr'><strong>dictatorum</strong></span> <span class='ocrx_word' id='word_1_75' title='bbox 831 1605 1047 1688; x_wconf 87' lang='lat' dir='ltr'><strong>equitumque</strong></span> <span class='ocrx_word' id='word_1_76' title='bbox 1068 1605 1296 1688; x_wconf 88' lang='lat' dir='ltr'><strong>magistrorum</strong></span> <span class='ocrx_word' id='word_1_77' title='bbox 1327 1609 1402 1669; x_wconf 88' lang='lat' dir='ltr'><strong>ante</strong></span> <span class='ocrx_word' id='word_1_78' title='bbox 1432 1623 1467 1669; x_wconf 88' lang='lat' dir='ltr'><strong>sc</strong></span> 
     </span>
     <span class='ocr_line' id='line_1_11' title="bbox 354 1717 1467 1805; baseline 0.001 -25"><span class='ocrx_word' id='word_1_79' title='bbox 354 1717 508 1782; x_wconf 89' lang='lat' dir='ltr'><strong>stantium</strong></span> <span class='ocrx_word' id='word_1_80' title='bbox 536 1719 763 1804; x_wconf 90' lang='lat' dir='ltr'><strong>pronuntiare,</strong></span> <span class='ocrx_word' id='word_1_81' title='bbox 795 1726 827 1785; x_wconf 91' lang='lat' dir='ltr'><strong>ct</strong></span> <span class='ocrx_word' id='word_1_82' title='bbox 855 1719 984 1786; x_wconf 90' lang='lat' dir='ltr'><strong>uidebis</strong></span> <span class='ocrx_word' id='word_1_83' title='bbox 1011 1726 1143 1805; x_wconf 90' lang='lat' dir='ltr'><strong>propter</strong></span> <span class='ocrx_word' id='word_1_84' title='bbox 1171 1719 1360 1785; x_wconf 87' lang='lat' dir='ltr'><strong>fumosos</strong></span> <span class='ocrx_word' id='word_1_85' title='bbox 1389 1718 1467 1783; x_wconf 91' lang='lat' dir='ltr'><strong>Her-</strong></span> 
     </span>
     <span class='ocr_line' id='line_1_12' title="bbox 354 1832 1467 1918; baseline 0.006 -26"><span class='ocrx_word' id='word_1_86' title='bbox 354 1850 505 1894; x_wconf 89' lang='lat' dir='ltr'><strong>mannum</strong></span> <span class='ocrx_word' id='word_1_87' title='bbox 529 1851 559 1895; x_wconf 90' lang='lat' dir='ltr'><strong>u.</strong></span> <span class='ocrx_word' id='word_1_88' title='bbox 585 1832 615 1896; x_wconf 83' lang='lat' dir='ltr'><strong>l.</strong></span> <span class='ocrx_word' id='word_1_89' title='bbox 639 1832 778 1898; x_wconf 88' lang='lat' dir='ltr'><strong>retinere</strong></span> <span class='ocrx_word' id='word_1_90' title='bbox 800 1853 865 1897; x_wconf 94' lang='lat' dir='ltr'><strong>non</strong></span> <span class='ocrx_word' id='word_1_91' title='bbox 889 1839 1047 1918; x_wconf 89' lang='lat' dir='ltr'><strong>oportere.</strong></span> <span class='ocrx_word' id='word_1_92' title='bbox 1082 1871 1125 1878; x_wconf 97' lang='lat'><em>-</em></span> <span class='ocrx_word' id='word_1_93' title='bbox 1161 1835 1233 1898; x_wconf 86' lang='lat' dir='ltr'><strong>Non</strong></span> <span class='ocrx_word' id='word_1_94' title='bbox 1263 1832 1467 1914; x_wconf 89' lang='lat' dir='ltr'><strong>grauioribus</strong></span> 
     </span>
     <span class='ocr_line' id='line_1_13' title="bbox 354 1942 1468 2030; baseline 0.002 -24"><span class='ocrx_word' id='word_1_95' title='bbox 354 1943 476 2027; x_wconf 91' lang='lat' dir='ltr'><strong>causis,</strong></span> <span class='ocrx_word' id='word_1_96' title='bbox 507 1963 602 2025; x_wconf 93' lang='lat' dir='ltr'><strong>quarn</strong></span> <span class='ocrx_word' id='word_1_97' title='bbox 633 1942 686 2008; x_wconf 91' lang='lat' dir='ltr'><strong>hic</strong></span> <span class='ocrx_word' id='word_1_98' title='bbox 714 1943 818 2029; x_wconf 88' lang='lat' dir='ltr'><strong>locus,</strong></span> <span class='ocrx_word' id='word_1_99' title='bbox 850 1945 916 2029; x_wconf 87' lang='lat' dir='ltr'><strong>IX,</strong></span> <span class='ocrx_word' id='word_1_100' title='bbox 944 1945 1120 2009; x_wconf 87' lang='grc'><strong>118-124</strong></span> <span class='ocrx_word' id='word_1_101' title='bbox 1142 1951 1174 2010; x_wconf 91' lang='lat' dir='ltr'><strong>et</strong></span> <span class='ocrx_word' id='word_1_102' title='bbox 1204 1945 1267 2030; x_wconf 88' lang='lat' dir='ltr'><strong>XI,</strong></span> <span class='ocrx_word' id='word_1_103' title='bbox 1293 1944 1468 2008; x_wconf 78' lang='lat'>165-170</span> 
     </span>
     <span class='ocr_line' id='line_1_14' title="bbox 355 2053 1467 2142; baseline 0.004 -25"><span class='ocrx_word' id='word_1_104' title='bbox 355 2053 558 2119; x_wconf 87' lang='lat' dir='ltr'><strong>damnantur.</strong></span> <span class='ocrx_word' id='word_1_105' title='bbox 605 2056 731 2121; x_wconf 91' lang='lat' dir='ltr'><strong>Paruae</strong></span> <span class='ocrx_word' id='word_1_106' title='bbox 754 2063 829 2122; x_wconf 90' lang='lat' dir='ltr'><strong>sunt</strong></span> <span class='ocrx_word' id='word_1_107' title='bbox 857 2056 1094 2141; x_wconf 90' lang='lat' dir='ltr'><strong>digressiones,</strong></span> <span class='ocrx_word' id='word_1_108' title='bbox 1125 2077 1208 2139; x_wconf 90' lang='lat' dir='ltr'><strong>quae</strong></span> <span class='ocrx_word' id='word_1_109' title='bbox 1236 2078 1294 2142; x_wconf 91' lang='lat' dir='ltr'><strong>per</strong></span> <span class='ocrx_word' id='word_1_110' title='bbox 1317 2077 1353 2123; x_wconf 90' lang='lat' dir='ltr'><strong>se</strong></span> <span class='ocrx_word' id='word_1_111' title='bbox 1374 2059 1467 2122; x_wconf 93' lang='lat' dir='ltr'><strong>que·</strong></span> 
     </span>
     <span class='ocr_line' id='line_1_15' title="bbox 354 2166 1467 2254; baseline 0.004 -26"><span class='ocrx_word' id='word_1_112' title='bbox 354 2166 421 2230; x_wconf 90' lang='lat' dir='ltr'><strong>nali</strong></span> <span class='ocrx_word' id='word_1_113' title='bbox 444 2187 510 2232; x_wconf 94' lang='lat' dir='ltr'><strong>non</strong></span> <span class='ocrx_word' id='word_1_114' title='bbox 534 2173 609 2232; x_wconf 87' lang='lat' dir='ltr'><strong>sunt</strong></span> <span class='ocrx_word' id='word_1_115' title='bbox 632 2167 864 2252; x_wconf 70' lang='lat' dir='ltr'><strong>abrogandae,</strong></span> <span class='ocrx_word' id='word_1_116' title='bbox 899 2189 929 2234; x_wconf 91' lang='grc' dir='ltr'><strong>ιι.</strong></span> <span class='ocrx_word' id='word_1_117' title='bbox 960 2169 1024 2254; x_wconf 83' lang='grc' dir='ltr'><strong>ΧΙ,</strong></span> <span class='ocrx_word' id='word_1_118' title='bbox 1057 2168 1232 2234; x_wconf 74' lang='lat' dir='ltr'><strong>rot-170</strong></span> <span class='ocrx_word' id='word_1_119' title='bbox 1262 2167 1467 2235; x_wconf 89' lang='lat' dir='ltr'><strong>difficultates</strong></span> 
     </span>
     <span class='ocr_line' id='line_1_16' title="bbox 355 2277 1467 2364; baseline 0.007 -24"><span class='ocrx_word' id='word_1_120' title='bbox 355 2277 517 2362; x_wconf 89' lang='lat' dir='ltr'><strong>tolluntur,</strong></span> <span class='ocrx_word' id='word_1_121' title='bbox 542 2278 570 2344; x_wconf 92' lang='lat' dir='ltr'><strong>si</strong></span> <span class='ocrx_word' id='word_1_122' title='bbox 593 2299 624 2343; x_wconf 86' lang='lat' dir='ltr'><strong>u.</strong></span> <span class='ocrx_word' id='word_1_123' title='bbox 650 2280 723 2364; x_wconf 79' lang='lat'><strong>165,</strong></span> <span class='ocrx_word' id='word_1_124' title='bbox 748 2282 768 2344; x_wconf 87' lang='grc'>6</span> <span class='ocrx_word' id='word_1_125' title='bbox 792 2300 863 2344; x_wconf 91' lang='lat' dir='ltr'><strong>cum</strong></span> <span class='ocrx_word' id='word_1_126' title='bbox 885 2280 1001 2345; x_wconf 90' lang='lat' dir='ltr'><strong>Iahnio</strong></span> <span class='ocrx_word' id='word_1_127' title='bbox 1026 2280 1148 2346; x_wconf 85' lang='lat' dir='ltr'><strong>elicias.</strong></span> <span class='ocrx_word' id='word_1_128' title='bbox 1187 2280 1272 2358; x_wconf 81' lang='lat' dir='ltr'><strong>Quid</strong></span> <span class='ocrx_word' id='word_1_129' title='bbox 1295 2288 1403 2348; x_wconf 88' lang='lat' dir='ltr'><strong>autern</strong></span> <span class='ocrx_word' id='word_1_130' title='bbox 1427 2282 1467 2348; x_wconf 91' lang='lat' dir='ltr'><strong>de</strong></span> 
     </span>
     <span class='ocr_line' id='line_1_17' title="bbox 353 2391 1466 2478; baseline 0.007 -26"><span class='ocrx_word' id='word_1_131' title='bbox 353 2393 462 2472; x_wconf 91' lang='lat' dir='ltr'><strong>priore</strong></span> <span class='ocrx_word' id='word_1_132' title='bbox 492 2391 563 2454; x_wconf 90' lang='lat' dir='ltr'><strong>loco</strong></span> <span class='ocrx_word' id='word_1_133' title='bbox 594 2391 793 2456; x_wconf 91' lang='lat' dir='ltr'><strong>conclamato</strong></span> <span class='ocrx_word' id='word_1_134' title='bbox 826 2391 1032 2457; x_wconf 89' lang='lat' dir='ltr'><strong>statuendum</strong></span> <span class='ocrx_word' id='word_1_135' title='bbox 1061 2393 1120 2478; x_wconf 88' lang='lat' dir='ltr'><strong>sit,</strong></span> <span class='ocrx_word' id='word_1_136' title='bbox 1155 2393 1234 2458; x_wconf 90' lang='lat' dir='ltr'><strong>mihi</strong></span> <span class='ocrx_word' id='word_1_137' title='bbox 1263 2413 1328 2458; x_wconf 91' lang='lat' dir='ltr'><strong>non</strong></span> <span class='ocrx_word' id='word_1_138' title='bbox 1355 2394 1466 2476; x_wconf 86' lang='lat' dir='ltr'><strong>liquet.</strong></span> 
     </span>
     <span class='ocr_line' id='line_1_18' title="bbox 355 2502 1467 2594; baseline 0.004 -24"><span class='ocrx_word' id='word_1_139' title='bbox 355 2503 532 2584; x_wconf 80' lang='lat' dir='ltr'><strong>Quominus</strong></span> <span class='ocrx_word' id='word_1_140' title='bbox 556 2502 643 2568; x_wconf 91' lang='lat' dir='ltr'><strong>enim</strong></span> <span class='ocrx_word' id='word_1_141' title='bbox 665 2503 780 2569; x_wconf 90' lang='lat' dir='ltr'><strong>Iahnio</strong></span> <span class='ocrx_word' id='word_1_142' title='bbox 804 2503 944 2589; x_wconf 89' lang='lat' dir='ltr'><strong>credam,</strong></span> <span class='ocrx_word' id='word_1_143' title='bbox 971 2523 1001 2569; x_wconf 90' lang='lat' dir='ltr'><strong>u.</strong></span> <span class='ocrx_word' id='word_1_144' title='bbox 1027 2504 1100 2589; x_wconf 85' lang='grc'><strong>120,</strong></span> <span class='ocrx_word' id='word_1_145' title='bbox 1126 2505 1142 2569; x_wconf 95' lang='grc'><strong>1</strong></span> <span class='ocrx_word' id='word_1_146' title='bbox 1169 2505 1297 2591; x_wconf 91' lang='lat' dir='ltr'><strong>spurios</strong></span> <span class='ocrx_word' id='word_1_147' title='bbox 1320 2526 1403 2594; x_wconf 88' lang='lat' dir='ltr'><strong>esse,</strong></span> <span class='ocrx_word' id='word_1_148' title='bbox 1427 2529 1467 2575; x_wconf 92' lang='lat' dir='ltr'><strong>ca</strong></span> 
     </span>
     <span class='ocr_line' id='line_1_19' title="bbox 354 2615 1466 2703; baseline 0.004 -20"><span class='ocrx_word' id='word_1_149' title='bbox 354 2640 405 2685; x_wconf 92' lang='lat' dir='ltr'><strong>me</strong></span> <span class='ocrx_word' id='word_1_150' title='bbox 427 2618 615 2703; x_wconf 84' lang='lat' dir='ltr'><strong>prohibent,</strong></span> <span class='ocrx_word' id='word_1_151' title='bbox 644 2616 731 2699; x_wconf 92' lang='lat' dir='ltr'><strong>quod</strong></span> <span class='ocrx_word' id='word_1_152' title='bbox 758 2623 790 2681; x_wconf 89' lang='lat' dir='ltr'><strong>ct</strong></span> <span class='ocrx_word' id='word_1_153' title='bbox 820 2615 1011 2681; x_wconf 85' lang='lat' dir='ltr'><strong>deterior</strong></span> <span class='ocrx_word' id='word_1_154' title='bbox 1034 2636 1065 2681; x_wconf 91' lang='lat' dir='ltr'><strong>u.</strong></span> <span class='ocrx_word' id='word_1_155' title='bbox 1092 2616 1155 2681; x_wconf 94' lang='grc'><strong>122</strong></span> <span class='ocrx_word' id='word_1_156' title='bbox 1179 2623 1304 2702; x_wconf 89' lang='lat' dir='ltr'><strong>spectat</strong></span> <span class='ocrx_word' id='word_1_157' title='bbox 1326 2619 1369 2685; x_wconf 90' lang='lat' dir='ltr'><strong>ad</strong></span> <span class='ocrx_word' id='word_1_158' title='bbox 1391 2642 1466 2688; x_wconf 93' lang='lat' dir='ltr'><strong>nec</strong></span> 
     </span>
     <span class='ocr_line' id='line_1_20' title="bbox 351 2728 1466 2815; baseline 0.004 -20"><span class='ocrx_word' id='word_1_159' title='bbox 351 2731 489 2814; x_wconf 88' lang='lat' dir='ltr'><strong>lingua</strong></span> <span class='ocrx_word' id='word_1_160' title='bbox 510 2730 604 2796; x_wconf 93' lang='lat' dir='ltr'><strong>mali</strong></span> <span class='ocrx_word' id='word_1_161' title='bbox 626 2749 721 2815; x_wconf 91' lang='lat' dir='ltr'><strong>pars</strong></span> <span class='ocrx_word' id='word_1_162' title='bbox 744 2730 916 2815; x_wconf 90' lang='lat' dir='ltr'><strong>pessima</strong></span> <span class='ocrx_word' id='word_1_163' title='bbox 940 2728 1063 2815; x_wconf 87' lang='lat' dir='ltr'><strong>serui,</strong></span> <span class='ocrx_word' id='word_1_164' title='bbox 1086 2736 1120 2795; x_wconf 89' lang='lat' dir='ltr'><strong>et</strong></span> <span class='ocrx_word' id='word_1_165' title='bbox 1142 2749 1172 2795; x_wconf 93' lang='grc' dir='ltr'><strong>ιι.</strong></span> <span class='ocrx_word' id='word_1_166' title='bbox 1198 2730 1262 2796; x_wconf 87' lang='grc'><strong>119</strong></span> <span class='ocrx_word' id='word_1_167' title='bbox 1285 2753 1306 2798; x_wconf 91' lang='lat' dir='ltr'><strong>a</strong></span> <span class='ocrx_word' id='word_1_168' title='bbox 1329 2731 1466 2799; x_wconf 88' lang='lat' dir='ltr'><strong>deterio-</strong></span> 
     </span>
     <span class='ocr_line' id='line_1_21' title="bbox 351 2840 934 2930; baseline -0.003 -23"><span class='ocrx_word' id='word_1_169' title='bbox 351 2864 421 2909; x_wconf 91' lang='lat' dir='ltr'><strong>rum</strong></span> <span class='ocrx_word' id='word_1_170' title='bbox 446 2842 539 2930; x_wconf 87' lang='lat' dir='ltr'><strong>oodd.</strong></span> <span class='ocrx_word' id='word_1_171' title='bbox 563 2862 682 2925; x_wconf 84' lang='lat' dir='ltr'><strong>genere</strong></span> <span class='ocrx_word' id='word_1_172' title='bbox 704 2840 934 2925; x_wconf 82' lang='lat' dir='ltr'><strong>transponitur.</strong></span> 
     </span>
    </p>
   </div>
   <div class='ocr_carea' id='block_1_3' title="bbox 351 3024 1466 4423">
    <p class='ocr_par' dir='ltr' id='par_1_3' title="bbox 351 3024 1466 4235">
     <span class='ocr_line' id='line_1_22' title="bbox 351 3024 1414 3095; baseline 0.002 -14"><span class='ocrx_word' id='word_1_173' title='bbox 351 3026 427 3095; x_wconf 90' lang='lat' dir='ltr'><strong>VlII,</strong></span> <span class='ocrx_word' id='word_1_174' title='bbox 437 3024 578 3079; x_wconf 87' lang='grc'><strong>111-126</strong></span> <span class='ocrx_word' id='word_1_175' title='bbox 598 3026 622 3080; x_wconf 92' lang='lat' dir='ltr'><strong>si</strong></span> <span class='ocrx_word' id='word_1_176' title='bbox 641 3025 705 3095; x_wconf 90' lang='lat' dir='ltr'><strong>quis</strong></span> <span class='ocrx_word' id='word_1_177' title='bbox 722 3025 751 3078; x_wconf 92' lang='lat' dir='ltr'><strong>in</strong></span> <span class='ocrx_word' id='word_1_178' title='bbox 769 3026 897 3080; x_wconf 87' lang='lat' dir='ltr'><strong>aedicula</strong></span> <span class='ocrx_word' id='word_1_179' title='bbox 917 3026 988 3081; x_wconf 93' lang='lat' dir='ltr'><strong>deus</strong></span> <span class='ocrx_word' id='word_1_180' title='bbox 1007 3026 1116 3083; x_wconf 77' lang='lat' dir='ltr'><strong>unicus</strong></span> <span class='ocrx_word' id='word_1_181' title='bbox 1135 3027 1206 3084; x_wconf 89' lang='lat' dir='ltr'><strong>haec</strong></span> <span class='ocrx_word' id='word_1_182' title='bbox 1225 3028 1329 3083; x_wconf 84' lang='lat' dir='ltr'><strong>ctouirn</strong></span> <span class='ocrx_word' id='word_1_183' title='bbox 1348 3035 1414 3085; x_wconf 91' lang='lat' dir='ltr'><strong>sunt</strong></span> 
     </span>
     <span class='ocr_line' id='line_1_23' title="bbox 598 3119 1411 3192; baseline 0.007 -19"><span class='ocrx_word' id='word_1_184' title='bbox 598 3134 649 3188; x_wconf 89' lang='lat' dir='ltr'><strong>pro</strong></span> <span class='ocrx_word' id='word_1_185' title='bbox 670 3119 793 3188; x_wconf 85' lang='lat' dir='ltr'><strong>summis,</strong></span> <span class='ocrx_word' id='word_1_186' title='bbox 812 3136 876 3174; x_wconf 86' lang='lat' dir='ltr'><strong>nam</strong></span> <span class='ocrx_word' id='word_1_187' title='bbox 895 3124 963 3175; x_wconf 89' lang='lat' dir='ltr'><strong>sunt</strong></span> <span class='ocrx_word' id='word_1_188' title='bbox 980 3120 1050 3176; x_wconf 83' lang='lat' dir='ltr'><strong>haec</strong></span> <span class='ocrx_word' id='word_1_189' title='bbox 1069 3122 1198 3176; x_wconf 88' lang='lat' dir='ltr'><strong>maxima.</strong></span> <span class='ocrx_word' id='word_1_190' title='bbox 1219 3124 1359 3192; x_wconf 79' lang='lat' dir='ltr'><strong>despicias</strong></span> <span class='ocrx_word' id='word_1_191' title='bbox 1378 3129 1411 3179; x_wconf 86' lang='lat' dir='ltr'><strong>tu</strong></span> 
     </span>
     <span class='ocr_line' id='line_1_24' title="bbox 599 3211 1365 3286; baseline 0.008 -20"><span class='ocrx_word' id='word_1_192' title='bbox 599 3211 719 3267; x_wconf 82' lang='lat' dir='ltr'><strong>forsitan</strong></span> <span class='ocrx_word' id='word_1_193' title='bbox 737 3213 857 3268; x_wconf 90' lang='lat' dir='ltr'><strong>imbellis</strong></span> <span class='ocrx_word' id='word_1_194' title='bbox 875 3214 1001 3270; x_wconf 91' lang='lat' dir='ltr'><strong>Rhodios</strong></span> <span class='ocrx_word' id='word_1_195' title='bbox 1022 3220 1191 3286; x_wconf 89' lang='lat' dir='ltr'><strong>unctamque</strong></span> <span class='ocrx_word' id='word_1_196' title='bbox 1211 3216 1365 3272; x_wconf 81' lang='lat' dir='ltr'><strong>Corinthon</strong></span> 
     </span>
     <span class='ocr_line' id='line_1_25' title="bbox 598 3294 1302 3379; baseline 0.004 -16"><span class='ocrx_word' id='word_1_197' title='bbox 598 3309 738 3377; x_wconf 82' lang='lat' dir='ltr'><strong>despicias</strong></span> <span class='ocrx_word' id='word_1_198' title='bbox 757 3309 870 3379; x_wconf 81' lang='lat' dir='ltr'><strong>merit03</strong></span> <span class='ocrx_word' id='word_1_199' title='bbox 891 3310 960 3378; x_wconf 90' lang='lat' dir='ltr'><strong>quid</strong></span> <span class='ocrx_word' id='word_1_200' title='bbox 978 3310 1103 3365; x_wconf 86' lang='lat' dir='ltr'><strong>resinata</strong></span> <span class='ocrx_word' id='word_1_201' title='bbox 1120 3311 1254 3367; x_wconf 86' lang='lat' dir='ltr'><strong>iuuentus</strong></span> <span class='ocrx_word' id='word_1_202' title='bbox 1297 3294 1302 3305; x_wconf 53' lang='lat'><strong><em>¹</em></strong></span> 
     </span>
     <span class='ocr_line' id='line_1_26' title="bbox 598 3403 1265 3475; baseline 0 -15"><span class='ocrx_word' id='word_1_203' title='bbox 598 3420 738 3474; x_wconf 89' lang='lat' dir='ltr'><strong>cruraque</strong></span> <span class='ocrx_word' id='word_1_204' title='bbox 756 3405 845 3460; x_wconf 90' lang='lat' dir='ltr'><strong>totius</strong></span> <span class='ocrx_word' id='word_1_205' title='bbox 865 3403 972 3461; x_wconf 83' lang='lat' dir='ltr'><strong>sacient</strong></span> <span class='ocrx_word' id='word_1_206' title='bbox 989 3406 1041 3460; x_wconf 92' lang='lat' dir='ltr'><strong>tibi</strong></span> <span class='ocrx_word' id='word_1_207' title='bbox 1058 3406 1134 3460; x_wconf 90' lang='lat' dir='ltr'><strong>leuia</strong></span> <span class='ocrx_word' id='word_1_208' title='bbox 1151 3405 1265 3475; x_wconf 84' lang='lat' dir='ltr'><strong>gentis?</strong></span> 
     </span>
     <span class='ocr_line' id='line_1_27' title="bbox 598 3498 1298 3568; baseline 0.003 -15"><span class='ocrx_word' id='word_1_209' title='bbox 598 3499 711 3553; x_wconf 87' lang='lat' dir='ltr'><strong>horrida</strong></span> <span class='ocrx_word' id='word_1_210' title='bbox 730 3498 847 3553; x_wconf 88' lang='lat' dir='ltr'><strong>uitanda</strong></span> <span class='ocrx_word' id='word_1_211' title='bbox 866 3504 912 3553; x_wconf 87' lang='lat' dir='ltr'><strong>est</strong></span> <span class='ocrx_word' id='word_1_212' title='bbox 929 3499 1074 3568; x_wconf 88' lang='lat' dir='ltr'><strong>Hispania,</strong></span> <span class='ocrx_word' id='word_1_213' title='bbox 1094 3499 1216 3555; x_wconf 85' lang='lat' dir='ltr'><strong>Gallicus</strong></span> <span class='ocrx_word' id='word_1_214' title='bbox 1237 3501 1298 3556; x_wconf 86' lang='lat' dir='ltr'><strong>axis</strong></span> 
     </span>
     <span class='ocr_line' id='line_1_28' title="bbox 596 3592 1357 3664; baseline 0.001 -17"><span class='ocrx_word' id='word_1_215' title='bbox 596 3594 795 3664; x_wconf 90' lang='lat' dir='ltr'><strong>Illyricumque</strong></span> <span class='ocrx_word' id='word_1_216' title='bbox 814 3594 903 3663; x_wconf 87' lang='lat' dir='ltr'><strong>latus;</strong></span> <span class='ocrx_word' id='word_1_217' title='bbox 922 3609 1007 3661; x_wconf 87' lang='lat' dir='ltr'><strong>paroc</strong></span> <span class='ocrx_word' id='word_1_218' title='bbox 1027 3598 1056 3647; x_wconf 89' lang='lat' dir='ltr'><strong>et</strong></span> <span class='ocrx_word' id='word_1_219' title='bbox 1074 3592 1248 3649; x_wconf 87' lang='lat' dir='ltr'><strong>messoribus</strong></span> <span class='ocrx_word' id='word_1_220' title='bbox 1267 3594 1322 3649; x_wconf 94' lang='lat' dir='ltr'><strong>illis</strong></span> <span class='ocrx_word' id='word_1_221' title='bbox 1348 3606 1357 3613; x_wconf 91' lang='lat'>·</span> 
     </span>
     <span class='ocr_line' id='line_1_29' title="bbox 598 3689 1359 3759; baseline 0 -16"><span class='ocrx_word' id='word_1_222' title='bbox 598 3689 646 3758; x_wconf 94' lang='lat' dir='ltr'><strong>qui</strong></span> <span class='ocrx_word' id='word_1_223' title='bbox 665 3694 794 3744; x_wconf 88' lang='lat' dir='ltr'><strong>saturant</strong></span> <span class='ocrx_word' id='word_1_224' title='bbox 812 3689 910 3744; x_wconf 90' lang='lat' dir='ltr'><strong>urbem</strong></span> <span class='ocrx_word' id='word_1_225' title='bbox 930 3690 1003 3743; x_wconf 92' lang='lat' dir='ltr'><strong>circo</strong></span> <span class='ocrx_word' id='word_1_226' title='bbox 1024 3705 1183 3759; x_wconf 85' lang='lat' dir='ltr'><strong>sconacque</strong></span> <span class='ocrx_word' id='word_1_227' title='bbox 1202 3693 1359 3743; x_wconf 85' lang='lat' dir='ltr'><strong>uacantcm.</strong></span> 
     </span>
     <span class='ocr_line' id='line_1_30' title="bbox 598 3782 1441 3855; baseline -0.001 -16"><span class='ocrx_word' id='word_1_228' title='bbox 598 3789 704 3855; x_wconf 89' lang='lat' dir='ltr'><strong>quanta</strong></span> <span class='ocrx_word' id='word_1_229' title='bbox 722 3789 815 3839; x_wconf 85' lang='lat' dir='ltr'><strong>autem</strong></span> <span class='ocrx_word' id='word_1_230' title='bbox 834 3784 900 3839; x_wconf 89' lang='lat' dir='ltr'><strong>inde</strong></span> <span class='ocrx_word' id='word_1_231' title='bbox 919 3782 996 3839; x_wconf 84' lang='lat' dir='ltr'><strong>feres</strong></span> <span class='ocrx_word' id='word_1_232' title='bbox 1016 3788 1073 3838; x_wconf 88' lang='lat' dir='ltr'><strong>tam</strong></span> <span class='ocrx_word' id='word_1_233' title='bbox 1092 3784 1169 3839; x_wconf 85' lang='lat' dir='ltr'><strong>dirae</strong></span> <span class='ocrx_word' id='word_1_234' title='bbox 1188 3782 1314 3853; x_wconf 88' lang='lat' dir='ltr'><strong>praemia</strong></span> <span class='ocrx_word' id='word_1_235' title='bbox 1332 3782 1441 3852; x_wconf 87' lang='lat' dir='ltr'><strong>culpae,</strong></span> 
     </span>
     <span class='ocr_line' id='line_1_31' title="bbox 597 3877 1316 3950; baseline -0.004 -14"><span class='ocrx_word' id='word_1_236' title='bbox 597 3898 659 3936; x_wconf 90' lang='lat' dir='ltr'><strong>cum</strong></span> <span class='ocrx_word' id='word_1_237' title='bbox 677 3886 779 3937; x_wconf 86' lang='lat' dir='ltr'><strong>tenues</strong></span> <span class='ocrx_word' id='word_1_238' title='bbox 798 3897 888 3950; x_wconf 90' lang='lat' dir='ltr'><strong>nuper</strong></span> <span class='ocrx_word' id='word_1_239' title='bbox 905 3880 1010 3936; x_wconf 88' lang='lat' dir='ltr'><strong>Marius</strong></span> <span class='ocrx_word' id='word_1_240' title='bbox 1030 3880 1191 3935; x_wconf 84' lang='lat' dir='ltr'><strong>distinxerit</strong></span> <span class='ocrx_word' id='word_1_241' title='bbox 1208 3877 1316 3934; x_wconf 81' lang='lat' dir='ltr'><strong>Afros?</strong></span> 
     </span>
     <span class='ocr_line' id='line_1_32' title="bbox 597 3972 1265 4045; baseline -0.006 -14"><span class='ocrx_word' id='word_1_242' title='bbox 597 3976 750 4031; x_wconf 85' lang='lat' dir='ltr'><strong>curandum</strong></span> <span class='ocrx_word' id='word_1_243' title='bbox 767 3976 903 4045; x_wconf 89' lang='lat' dir='ltr'><strong>imprimis</strong></span> <span class='ocrx_word' id='word_1_244' title='bbox 922 3991 958 4030; x_wconf 89' lang='lat' dir='ltr'><strong>ne</strong></span> <span class='ocrx_word' id='word_1_245' title='bbox 977 3990 1079 4045; x_wconf 85' lang='lat' dir='ltr'><strong>magna</strong></span> <span class='ocrx_word' id='word_1_246' title='bbox 1097 3974 1197 4029; x_wconf 84' lang='lat' dir='ltr'><strong>iniuria</strong></span> <span class='ocrx_word' id='word_1_247' title='bbox 1214 3972 1265 4028; x_wconf 87' lang='lat' dir='ltr'><strong>fiat</strong></span> 
     </span>
     <span class='ocr_line' id='line_1_33' title="bbox 596 4060 1466 4139; baseline -0.002 -16"><span class='ocrx_word' id='word_1_248' title='bbox 596 4068 718 4124; x_wconf 86' lang='lat' dir='ltr'><strong>fortibus</strong></span> <span class='ocrx_word' id='word_1_249' title='bbox 735 4073 765 4124; x_wconf 89' lang='lat' dir='ltr'><strong>ct</strong></span> <span class='ocrx_word' id='word_1_250' title='bbox 778 4069 898 4125; x_wconf 86' lang='lat' dir='ltr'><strong>miseris.</strong></span> <span class='ocrx_word' id='word_1_251' title='bbox 913 4069 997 4123; x_wconf 86' lang='lat' dir='ltr'><strong>tollas</strong></span> <span class='ocrx_word' id='word_1_252' title='bbox 1013 4060 1080 4123; x_wconf 89' lang='lat' dir='ltr'><strong>licet</strong></span> <span class='ocrx_word' id='word_1_253' title='bbox 1095 4084 1176 4123; x_wconf 92' lang='lat' dir='ltr'><strong>omne</strong></span> <span class='ocrx_word' id='word_1_254' title='bbox 1192 4068 1268 4139; x_wconf 89' lang='lat' dir='ltr'><strong>quod</strong></span> <span class='ocrx_word' id='word_1_255' title='bbox 1284 4083 1404 4137; x_wconf 84' lang='lat' dir='ltr'><strong>usquam</strong></span> <span class='ocrx_word' id='word_1_256' title='bbox 1420 4071 1466 4122; x_wconf 89' lang='lat' dir='ltr'><strong>est</strong></span> 
     </span>
     <span class='ocr_line' id='line_1_34' title="bbox 597 4163 1393 4235; baseline -0.003 -16"><span class='ocrx_word' id='word_1_257' title='bbox 597 4166 657 4219; x_wconf 90' lang='lat' dir='ltr'><strong>auri</strong></span> <span class='ocrx_word' id='word_1_258' title='bbox 675 4170 761 4235; x_wconf 86' lang='lat' dir='ltr'><strong>atque</strong></span> <span class='ocrx_word' id='word_1_259' title='bbox 779 4165 899 4235; x_wconf 83' lang='lat' dir='ltr'><strong>argenti,</strong></span> <span class='ocrx_word' id='word_1_260' title='bbox 919 4168 1030 4221; x_wconf 91' lang='lat' dir='ltr'><strong>scutum</strong></span> <span class='ocrx_word' id='word_1_261' title='bbox 1049 4164 1230 4234; x_wconf 84' lang='lat' dir='ltr'><strong>gladiumque</strong></span> <span class='ocrx_word' id='word_1_262' title='bbox 1249 4163 1393 4233; x_wconf 85' lang='lat' dir='ltr'><strong>relinques</strong></span> 
     </span>
    </p>

    <p class='ocr_par' dir='ltr' id='par_1_4' title="bbox 561 4258 1447 4423">
     <span class='ocr_line' id='line_1_35' title="bbox 561 4258 1376 4329; baseline -0.004 -16"><span class='ocrx_word' id='word_1_263' title='bbox 561 4280 565 4289; x_wconf 93' lang='lat'>·</span> <span class='ocrx_word' id='word_1_264' title='bbox 597 4264 626 4313; x_wconf 91' lang='lat' dir='ltr'><strong>ct</strong></span> <span class='ocrx_word' id='word_1_265' title='bbox 644 4259 765 4314; x_wconf 88' lang='lat' dir='ltr'><strong>iaculum</strong></span> <span class='ocrx_word' id='word_1_266' title='bbox 783 4264 814 4314; x_wconf 89' lang='lat' dir='ltr'><strong>ct</strong></span> <span class='ocrx_word' id='word_1_267' title='bbox 831 4260 950 4329; x_wconf 85' lang='lat' dir='ltr'><strong>galeam,</strong></span> <span class='ocrx_word' id='word_1_268' title='bbox 970 4258 1099 4327; x_wconf 88' lang='lat' dir='ltr'><strong>spoliatis</strong></span> <span class='ocrx_word' id='word_1_269' title='bbox 1118 4274 1195 4312; x_wconf 88' lang='lat' dir='ltr'><strong>arma</strong></span> <span class='ocrx_word' id='word_1_270' title='bbox 1214 4260 1376 4327; x_wconf 81' lang='lat' dir='ltr'><strong>supersunt</strong></span> 
     </span>
     <span class='ocr_line' id='line_1_36' title="bbox 597 4352 1447 4423; baseline -0.001 -17"><span class='ocrx_word' id='word_1_271' title='bbox 597 4352 775 4421; x_wconf 88' lang='lat' dir='ltr'><strong>quodmodo</strong></span> <span class='ocrx_word' id='word_1_272' title='bbox 794 4352 941 4421; x_wconf 89' lang='lat' dir='ltr'><strong>proposui,</strong></span> <span class='ocrx_word' id='word_1_273' title='bbox 960 4369 1015 4407; x_wconf 91' lang='lat' dir='ltr'><strong>non</strong></span> <span class='ocrx_word' id='word_1_274' title='bbox 1035 4358 1081 4407; x_wconf 88' lang='lat' dir='ltr'><strong>est</strong></span> <span class='ocrx_word' id='word_1_275' title='bbox 1099 4352 1249 4421; x_wconf 88' lang='lat' dir='ltr'><strong>sententia,</strong></span> <span class='ocrx_word' id='word_1_276' title='bbox 1267 4368 1367 4407; x_wconf 90' lang='lat' dir='ltr'><strong>uerum</strong></span> <span class='ocrx_word' id='word_1_277' title='bbox 1389 4356 1447 4423; x_wconf 76' lang='lat' dir='ltr'><strong>cst,</strong></span> 
     </span>
    </p>
   </div>
   <div class='ocr_carea' id='block_1_4' title="bbox 595 4444 1276 4590">
    <p class='ocr_par' dir='ltr' id='par_1_5' title="bbox 595 4444 1276 4590">
     <span class='ocr_line' id='line_1_37' title="bbox 595 4444 1276 4517; baseline 0 -16"><span class='ocrx_word' id='word_1_278' title='bbox 595 4446 702 4502; x_wconf 87' lang='lat' dir='ltr'><strong>credito</strong></span> <span class='ocrx_word' id='word_1_279' title='bbox 720 4462 765 4501; x_wconf 91' lang='lat' dir='ltr'><strong>mo</strong></span> <span class='ocrx_word' id='word_1_280' title='bbox 783 4446 867 4503; x_wconf 86' lang='lat' dir='ltr'><strong>uobis</strong></span> <span class='ocrx_word' id='word_1_281' title='bbox 885 4445 984 4501; x_wconf 84' lang='lat' dir='ltr'><strong>folium</strong></span> <span class='ocrx_word' id='word_1_282' title='bbox 1002 4446 1122 4501; x_wconf 87' lang='lat' dir='ltr'><strong>recitare</strong></span> <span class='ocrx_word' id='word_1_283' title='bbox 1142 4444 1276 4517; x_wconf 83' lang='lat' dir='ltr'><strong>Sibyllae,</strong></span> 
     </span>
     <span class='ocr_line' id='line_1_38' title="bbox 1212 4534 1247 4590; baseline 0 -18"><span class='ocrx_word' id='word_1_284' title='bbox 1212 4534 1247 4590; x_wconf 68' lang='lat'><strong>3*</strong></span> 
     </span>
    </p>
   </div>
   <div class='ocr_carea' id='block_1_5' title="bbox 0 0 1826 5125">
    <p class='ocr_par' dir='ltr' id='par_1_6' title="bbox 0 0 1826 5125">
     <span class='ocr_line' id='line_1_39' title="bbox 0 0 1826 5125; baseline 0 0"><span class='ocrx_word' id='word_1_285' title='bbox 0 0 1826 5125; x_wconf 95' lang='lat' dir='ltr'><strong> </strong></span> 
     </span>
    </p>
   </div>
  </div>
 </body>
</html>
