3642 5125
833 505 1032 570 ,6-

372 687 628 775 Vaticanum)
640 690 827 774 prosodiam
846 711 887 755 ne
901 689 1045 756 admittit
1061 688 1189 772 quidem
1202 689 1398 755 hexameter.
1434 689 1490 754 Se-

371 800 434 864 mel
457 805 583 865 tantum
606 802 735 887 repperi
750 804 948 888 quenalem,
972 803 1007 868 id
1025 803 1111 886 quod
1122 803 1266 889 plerique
1281 802 1489 870 classicorum

370 918 539 998 poetarum
563 914 685 999 (neque
708 914 743 979 id
765 914 889 980 minore
914 935 999 999 cura,
1023 935 1120 998 quam
1144 915 1273 980 omnino
1299 916 1490 981 uocabulum

370 1026 404 1091 in
434 1026 566 1092 breuem
596 1028 742 1093 uocalem
771 1028 925 1094 desinens
956 1036 1151 1114 anteponere
1181 1029 1307 1094 duabus
1339 1028 1491 1093 consonis

370 1139 564 1226 incipienti),
588 1140 787 1206 committere
804 1141 987 1226 timuerunt,
1012 1142 1157 1207 ultimam
1177 1142 1327 1208 uocabuli
1344 1142 1489 1206 nocalem

370 1253 503 1318 breuem
533 1253 727 1338 produxisse
756 1263 910 1337 sequente
934 1255 1092 1320 uocabulo
1117 1254 1244 1320 duabus
1269 1253 1420 1320 consonis
1443 1254 1489 1319 in-

371 1365 527 1450 cipiente:
566 1367 727 1433 VHIIOI
761 1370 929 1434 occulta
958 1369 1104 1454 spolia.
1161 1369 1266 1435 Semel
1296 1369 1412 1453 pedem
1442 1387 1489 1433 66-

371 1477 511 1542 cundum
534 1479 635 1545 uerbo
665 1480 827 1565 dactylico
850 1483 979 1568 implet:
1014 1483 1055 1562 X,
1079 1483 1142 1548 331
1168 1483 1365 1549 destinat.
1390 1482 1489 1567 opti-

370 1619 456 1666 mus
479 1600 547 1666 hic
571 1604 642 1683 etc,
671 1596 758 1681 quod
779 1603 888 1662 tamen
917 1595 1031 1660 uitium
1054 1603 1183 1680 praeter
1206 1595 1405 1678 antiquiores
1430 1594 1487 1660 Oa-

273 1753 275 1757 ·
369 1711 467 1777 tullus
489 1731 626 1796 quoque,
650 1710 814 1794 Horatius,
839 1709 930 1794 Cato,
954 1709 1126 1793 Vergilius,
1150 1709 1336 1794 Propertius
1361 1708 1489 1774 commi-

370 1829 490 1890 serunt.
514 1863 558 1872 -
580 1825 618 1890 Iu
647 1822 775 1889 dnobus
803 1829 928 1888 tantum
962 1821 1059 1887 rebus
1089 1820 1211 1887 maiore
1239 1821 1389 1886 libertate
1414 1839 1490 1886 usus

370 1943 429 2021 est,
454 1957 551 2018 qnam
576 1935 673 2002 ceteri
689 1942 807 2020 poetae
827 1935 995 2019 dactylici:
1019 1935 1053 2001 in
1076 1934 1225 2000 uersibus
1248 1933 1435 2020 spondiacis
1459 1940 1490 2000 et

369 2050 403 2114 in
432 2049 576 2115 hiatibus
606 2048 827 2114 admittendis.
872 2049 1032 2114 Versuum
1064 2048 1149 2113 enim
1178 2046 1427 2132 spondiacorum
1458 2051 1490 2111 61

368 2183 462 2230 rarus
485 2171 536 2228 est
557 2183 635 2228 usus
658 2163 747 2248 apud
768 2169 884 2247 postas
902 2161 1037 2227 Latinos
1060 2166 1135 2245 post
1154 2159 1312 2225 Catullum
1337 2165 1369 2224 et
1392 2158 1488 2224 certis

370 2297 498 2362 semper
509 2276 637 2359 legibus
655 2275 829 2340 adstrictus
840 2273 876 2360 ²).
911 2274 1009 2339 Tales
1022 2291 1136 2338 uersus
1148 2292 1213 2337 non
1225 2271 1332 2336 minus
1344 2271 1491 2335 XXXIII

370 2389 469 2454 habet
491 2388 666 2474 quenalis,
689 2387 736 2453 ita
759 2394 877 2472 tamen,
901 2392 937 2451 ut
959 2384 1027 2451 fere
1052 2404 1162 2450 omnes
1183 2384 1230 2450 cis
1247 2384 1384 2469 legibus,
1409 2403 1491 2466 qnae

371 2501 460 2588 apud
482 2501 654 2587 plerosque
676 2505 791 2587 poetas
814 2499 950 2566 Latinos
974 2499 1084 2565 ualent
1102 2498 1364 2583 obtemperantes
1382 2496 1490 2563 uerbis

371 2613 592 2697 tetrasyllabis
623 2620 680 2679 ant
707 2613 905 2697 trissyllabis
934 2612 1166 2678 concludantur
1196 2630 1298 2693 neque
1334 2611 1428 2676 simul
1457 2611 1488 2677 16

371 2727 455 2813 pede
467 2732 582 2809 quarto
600 2726 779 2811 spondeum
796 2726 969 2791 admittant
992 2726 1030 2811 (I.
1044 2726 1096 2791 52.
1120 2727 1162 2810 Π,
1179 2725 1251 2790 145.
1276 2727 1334 2811 III,
1351 2726 1489 2791 17129.

371 2842 426 2926 IV,
440 2841 493 2906 53.
518 2840 639 2925 VI,71.
664 2840 805 2905 89156.
830 2840 906 2904 246.
931 2839 1005 2904 296.
1030 2838 1105 2903 429.
1129 2838 1205 2905 465.
1231 2839 1305 2903 620.
1331 2838 1490 2922 1111218.

371 2954 460 3038 VIII,
481 2954 557 3019 218.
580 2953 639 3036 IX,
660 2953 733 3017 111.
757 2952 799 3036 X,
818 2951 871 3017 88.
893 2950 966 3017 151.
991 2952 1065 3017 304.
1090 2952 1164 3017 332.
1188 2953 1247 3037 Xl,
1262 2952 1314 3016 68.
1339 2953 1391 3016 71.
1418 2952 1491 3016 133.

374 3067 446 3132 138.
470 3067 545 3151 XII,
566 3067 639 3131 121.
662 3066 754 3150 XIII,
770 3066 842 3131 191.
866 3066 954 3150 XIV,
970 3066 1020 3131 15.
1043 3066 1116 3131 165.
1141 3066 1216 3132 326.
1241 3068 1315 3132 329.
1339 3066 1410 3150 XV,
1424 3067 1491 3150 36.)

371 3182 444 3246 Duo
467 3186 593 3247 tantum
616 3186 692 3245 sunt
715 3199 838 3264 uersus,
862 3200 997 3262 quorum
1015 3179 1066 3246 his
1084 3179 1212 3262 legibus
1232 3178 1381 3261 migratis
1400 3179 1491 3262 alter,

370 3293 509 3378 IH,273
534 3298 586 3380 ,et
610 3292 710 3357 subiti
733 3312 829 3358 casus
847 3292 1058 3377 improuidus,
1082 3292 1132 3357 ad
1157 3311 1325 3357 coenam
1349 3290 1404 3355 si“
1432 3298 1490 3355 616.

371 3405 492 3471 desiuit
514 3406 548 3470 16
572 3406 764 3471 uocabulum
787 3406 1054 3491 monosyllabum,
1079 3404 1221 3489 alterius,
1246 3405 1285 3489 V,
1296 3405 1338 3469 38
1366 3404 1492 3491 ,Helia-

371 3518 448 3583 dum
479 3524 605 3584 crustas
636 3526 669 3585 et
697 3520 952 3603 inaequales
988 3517 1170 3585 berullo“
1202 3526 1261 3585 etc.
1291 3526 1357 3585 1166
1389 3520 1492 3585 ultimi

371 3630 473 3716 pedes
496 3651 515 3697 e
537 3631 642 3696 tribus
665 3638 814 3698 constant
837 3631 1002 3717 spondeis.
1049 3634 1161 3715 Neque
1186 3638 1293 3697 autem
1316 3631 1377 3697 hau
1400 3632 1492 3697 1616

371 3762 455 3809 6666
478 3745 642 3811 quenalis
665 3746 914 3831 uituperandus,
949 3745 1007 3811 sed
1031 3746 1129 3811 etiam
1151 3745 1286 3829 Ennius,
1310 3744 1490 3829 Lueretius,

372 3856 528 3941 Catullus,
560 3858 733 3942 Vergilius,
766 3856 904 3923 Ouidius
927 3858 984 3923 alii
1007 3858 1087 3925 talia
1111 3856 1347 3924 commiserunt.
1393 3879 1424 3923 u.
1450 3858 1488 3925 G.

370 3970 536 4035 Hermann
559 3970 608 4035 El.
632 3969 732 4035 doctr.
756 3976 847 4035 metr.
870 3992 902 4055 p.
921 3970 995 4037 349.
1041 3973 1077 4037 L.
1102 3970 1244 4054 Mueller,
1269 3971 1318 4035 De
1341 3991 1375 4035 16
1398 3977 1490 4036 metr.

370 4102 402 4166 p.
418 4080 490 4147 145.
503 4119 547 4127 —
565 4081 666 4147 Hiatu
678 4082 809 4147 omnino
827 4082 992 4148 abstinent
1010 4082 1142 4167 plurimi
1154 4082 1366 4167 posteriorum
1381 4090 1491 4167 pocta·

445 4357 466 4425 ¹)
483 4370 511 4407 u.
529 4352 688 4407 Lachmann
706 4353 743 4407 ad
760 4354 844 4408 Lucr.
863 4370 891 4421 p.
910 4353 955 4407 37.

443 4441 466 4513 ²)
484 4459 511 4496 u.
529 4441 638 4498 Viertel
654 4441 700 4497 De
719 4446 919 4512 6616666611.
939 4443 999 4497 latt.
1020 4442 1195 4512 spondiacIs,
1214 4442 1290 4513 Lips.
1312 4443 1397 4513 1863,
1415 4462 1443 4514 p.
1462 4444 1487 4499 4
