3642 5125
831 519 1031 586 -.2ss

374 707 457 774 uiter
490 705 688 793 percurrenti
717 705 799 770 miro
829 711 1036 789 argumento,
1072 704 1265 770 tractatione
1295 702 1488 786 neglegenti,

375 820 521 886 oratione
542 819 700 902 languida
723 819 936 904 suspitionem
967 839 1096 885 mouere
1124 819 1268 904 possint,
1305 819 1363 884 sed
1392 819 1489 884 etiam

374 939 527 1015 quattuor
557 931 655 1017 alias,
691 951 771 1014 quas
794 931 960 997 quenalis
990 952 1055 996 non
1087 951 1159 996 esse
1182 931 1303 996 nemini
1327 931 1433 997 adhuc
1455 931 1488 994 in

374 1053 513 1111 mentem
542 1043 645 1128 uenit,
681 1043 933 1110 declamationes
956 1043 1146 1128 posterioris
1169 1043 1324 1128 temporis
1348 1043 1489 1128 appella-

374 1158 439 1243 uit,
472 1157 640 1223 consilium
673 1157 761 1241 cepi,
797 1163 832 1220 ut
854 1156 889 1220 in
910 1155 996 1221 hanc
1018 1176 1101 1240 rem,
1136 1162 1290 1238 quantum
1319 1177 1376 1240 per
1403 1157 1489 1221 uires

374 1291 465 1337 meas
488 1271 614 1355 liceret,
638 1270 842 1352 inquirerem.
885 1271 999 1352 Neque
1022 1290 1074 1335 me
1096 1268 1227 1354 fefellit,
1250 1269 1346 1335 huius
1370 1270 1489 1352 disqui-

376 1383 504 1449 sitionis
533 1383 739 1448 difficultates
770 1403 810 1448 ea
840 1404 875 1448 re
905 1383 1021 1448 mirum
1050 1389 1204 1465 quantum
1239 1383 1369 1467 augeri,
1405 1382 1490 1464 qnod

375 1496 574 1578 Ribbeokius
605 1515 738 1580 causas,
769 1495 886 1578 quibus
915 1496 1291 1581 permotusluuenalem
1322 1502 1490 1580 tantopere

376 1607 639 1674 transformatum
661 1628 766 1691 neque
796 1609 861 1673 iam
892 1608 943 1672 sui
975 1607 1111 1673 similem
1140 1607 1312 1692 edidisset,
1342 1629 1406 1673 non
1438 1629 1489 1674 ex·

375 1724 500 1808 posuit,
523 1723 589 1788 nisi
612 1722 698 1806 quod
720 1723 754 1786 in
777 1721 879 1807 praef.
904 1723 1069 1807 exemplar
1093 1719 1272 1806 quoddam,
1304 1721 1389 1803 quod
1414 1741 1491 1786 casu

377 1834 441 1900 sibi
464 1835 499 1899 in
521 1855 636 1901 manus
658 1834 841 1918 incidisset,
865 1834 1052 1898 quenalem
1074 1833 1121 1897 ita
1139 1831 1325 1899 exhibuisse
1342 1834 1430 1900 dicit.
1447 1873 1490 1881 -

377 1947 477 2028 Haec,
498 1954 605 2012 autem
640 1947 695 2013 uia
728 1946 808 2012 mihi
842 1945 1057 2029 ingredienda
1091 1950 1176 2029 erat,
1211 1951 1246 2009 ut
1277 1967 1317 2011 ex
1348 1947 1490 2031 ipsarum

376 2061 447 2124 qu.
472 2058 644 2125 satirarum
667 2059 791 2144 indole,
825 2058 904 2141 quid
935 2058 975 2124 de
1006 2058 1178 2124 Ribbeckii
1202 2057 1491 2126 declamationibus

379 2171 467 2255 (nam
491 2171 532 2237 de
555 2173 705 2238 omnibus
728 2172 973 2238 Ribbeckianae
999 2173 1152 2238 editionis
1175 2173 1408 2238 mutationibus
1431 2194 1491 2239 nos

378 2283 545 2368 disputare
579 2291 669 2349 uetat
702 2285 862 2350 eiusmodi
896 2284 1160 2350 dissertationum
1194 2285 1349 2373 ambitus)
1392 2287 1491 2352 statui

377 2400 505 2480 posset,
538 2395 627 2462 hisce
656 2397 794 2481 pagellis
824 2417 1027 2481 exponerem.
1079 2398 1171 2462 Dico
1185 2418 1225 2463 ex
1247 2398 1391 2483 ipsarum
1416 2399 1492 2464 sati-

379 2528 486 2573 rarum
509 2508 633 2596 indole,
668 2509 754 2594 quod
784 2531 901 2577 causas
925 2520 1089 2598 externas,
1125 2511 1242 2595 quibus
1264 2511 1412 2579 quenali
1436 2531 1492 2579 eas

379 2624 487 2709 possis
517 2625 691 2710 abrogare,
727 2625 856 2691 omnino
891 2625 1006 2692 deesse
1040 2626 1073 2691 in
1104 2626 1274 2711 propatulo
1305 2633 1363 2691 est.
1409 2626 1492 2690 Nam

382 2738 469 2821 quod
492 2738 586 2803 Ribb.
611 2738 652 2803 de
675 2738 786 2804 codice
809 2739 918 2822 aliquo
937 2738 1084 2823 antiquo,
1109 2759 1203 2821 quem
1227 2738 1392 2823 exemplar
1412 2736 1493 2801 illud

381 2852 498 2915 mirum
522 2856 667 2915 secutum
691 2870 763 2915 esse
785 2858 892 2935 putat,
918 2852 1117 2936 suspicatur,
1146 2850 1181 2915 id
1205 2851 1292 2915 omni
1315 2848 1494 2915 uerisimili-

381 2964 504 3030 tudinis
538 2963 648 3049 specie
669 2964 868 3029 destitutum
904 2964 983 3028 mihi
1018 2964 1145 3028 uidetur
1180 2983 1261 3028 esse.
1313 2964 1356 3029 Vt
1387 2969 1494 3027 autem

366 3069 602 3173 ¹unusquisque
620 3076 723 3141 codex
739 3096 850 3141 omnes
865 3076 945 3141 XVI
968 3076 1087 3141 satiras
1110 3082 1240 3141 nostrae
1263 3074 1364 3144 aetati
1387 3074 1494 3157 trudit,

383 3190 431 3254 ita
454 3188 618 3255 ueteribus
641 3209 767 3272 quoquc
791 3188 985 3273 constitisse,
1009 3188 1106 3253 hasce
1123 3188 1196 3252 XVI
1214 3208 1234 3252 a
1250 3186 1403 3251 quenale
1423 3205 1495 3251 esse

387 3303 542 3388 scriptas,
566 3302 642 3367 inde
665 3309 814 3387 apparet,
846 3300 932 3383 quod
956 3307 988 3366 et
1011 3298 1211 3383 grammatici
1235 3298 1375 3383 antiqui,
1404 3320 1496 3384 prae·

384 3418 479 3502 cipue
503 3416 636 3481 Seruius
660 3422 692 3480 et
713 3414 900 3480 Priscianus
932 3434 971 3479 ex
997 3412 1145 3477 omuibus
1168 3412 1246 3477 XVI
1271 3431 1382 3477 uersus
1406 3413 1496 3477 que-

383 3530 468 3595 nalis
490 3528 621 3594 nomine
642 3527 778 3593 laudant
799 3547 903 3609 neque
926 3526 983 3591 ulli
1000 3525 1114 3591 harum
1133 3526 1212 3591 XVI
1235 3524 1358 3590 scholia
1382 3523 1498 3589 desunt

383 3640 579 3725 Pithoeana,
603 3660 686 3723 qnae
710 3646 846 3705 exeunte
870 3659 954 3704 saec.
978 3639 1024 3704 IV
1047 3644 1103 3703 ant
1120 3638 1251 3703 ineunte
1267 3638 1296 3703 V
1314 3637 1498 3722 conscripta

385 3772 457 3818 esse
479 3752 567 3817 haud
589 3752 686 3837 pauci
709 3752 772 3816 loci
796 3751 866 3816 sine
889 3750 987 3816 dubio
1012 3748 1194 3815 ostendunt.
1230 3750 1370 3813 Tantum
1389 3756 1497 3813 autem

385 3866 495 3948 abest,
525 3871 561 3929 ut
588 3864 654 3928 ulla
676 3884 728 3929 res
751 3863 785 3927 in
809 3864 854 3927 VI
870 3862 998 3929 ‚ultimis
1022 3861 1131 3926 satiris
1155 3866 1419 3925 commemoretur
1443 3866 1499 3924 aut

386 3982 551 4060 tangatur,
575 3996 659 4058 quae
681 3975 842 4060 posterius
864 3974 1018 4039 quenale
1041 3980 1168 4057 tempus
1190 3972 1324 4056 indicet,
1356 3977 1391 4036 ut
1415 3992 1497 4035 com-

385 4091 494 4175 plures
515 4089 579 4153 loci
603 4088 681 4174 (XI,
710 4089 738 4153 1.
761 4088 846 4171 XII,
872 4086 923 4169 75,
949 4099 992 4151 ss:
1016 4087 1114 4169 XIII,
1142 4087 1192 4150 17.
1216 4085 1295 4167 XV,
1320 4083 1387 4169 27.)
1412 4084 1498 4149 nullo

386 4203 451 4267 alio
479 4202 544 4267 nisi
574 4201 739 4267 quenalis
769 4208 914 4284 tempore
948 4219 1004 4264 eas
1040 4206 1126 4265 ortas
1162 4219 1234 4265 esse
1269 4199 1498 4265 demonstrent.

386 4316 523 4379 Restant
544 4312 645 4395 igitur
668 4312 787 4377 satirae
810 4311 920 4395 ipsae,
952 4311 1069 4393 quibus
1092 4317 1242 4377 accurate
1265 4311 1444 4397 perspectis
1468 4317 1500 4375 et

386 4426 470 4490 inter
493 4444 528 4488 se
552 4422 748 4507 comparatis
772 4423 833 4487 etsi
856 4444 921 4487 non
944 4428 1050 4508 potest
1080 4422 1203 4508 euinci,
1236 4423 1378 4489 omnium
1403 4443 1498 4487 unum
