3642 5125
805 505 1051 574 -42-1

354 687 396 754 ad
409 707 507 770 quam
520 687 714 753 sententiam
728 687 919 754 firmandam
938 695 1047 754 notam
1065 689 1153 756 illam
1175 691 1215 757 116
1235 691 1358 757 Glauco
1378 692 1472 778 Spar-

352 808 429 867 tano
461 791 605 866 fabulam
635 799 768 886 (Herod.
792 801 847 884 VI,
865 801 922 889 86)
954 809 1073 868 narrat.
1127 803 1251 881 Quodsi
1281 805 1473 889 saepissime

352 914 484 980 deorum
502 934 641 999 poenam
659 913 802 978 externis
822 913 925 997 signis
943 934 1138 997 cognoscere
1162 916 1341 1002 nequimus,
1365 924 1471 982 tamen

352 1048 392 1093 ex
416 1047 454 1092 eo
477 1048 541 1091 non
565 1027 641 1092 licet
663 1026 865 1110 concludere,
890 1026 969 1091 deos
994 1028 1124 1092 omnino
1147 1048 1212 1092 non
1236 1048 1348 1094 curare
1371 1027 1472 1093 homi·

352 1161 428 1205 num
458 1139 555 1206 facta.
609 1139 651 1203 Hi
688 1140 773 1205 enim
808 1138 1049 1204 seuerissimum
1085 1141 1224 1208 iudicem
1254 1148 1409 1228 perpetuo
1437 1143 1470 1206 in

352 1259 482 1337 pectore
513 1260 660 1337 portant:
703 1254 951 1339 conscientiam,
991 1275 1056 1336 qua
1085 1255 1153 1340 dei,
1189 1256 1245 1338 qui
1275 1255 1470 1321 animalibus

354 1370 498 1452 „tantum
529 1365 666 1449 animas,
697 1366 792 1431 nobis
821 1366 964 1431 animum
992 1365 1138 1449 quoque“
1170 1367 1253 1454 (XV,
1274 1369 1350 1454 149)
1376 1369 1470 1436 dede-

351 1483 440 1562 runt,
471 1477 618 1542 homines
648 1480 814 1562 praeditos
848 1500 921 1545 esse
950 1480 1129 1546 uoluerunt.
1160 1483 1251 1567 XIII,
1272 1484 1302 1548 2.
1335 1481 1396 1548 193
1426 1503 1469 1553 ss.

352 1589 491 1655 Omnino
516 1590 570 1656 dei
599 1591 707 1656 omnia
729 1591 776 1656 ita
806 1591 1021 1676 instituerunt,
1052 1600 1087 1658 ut
1118 1592 1265 1660 homines
1297 1595 1373 1660 boni
1396 1596 1469 1662 bea-

351 1703 440 1784 tique
463 1722 535 1769 esse
558 1703 702 1788 possint3
726 1703 838 1768 horum
863 1703 962 1786 igitur
984 1704 1127 1788 ipsorum
1153 1705 1246 1791 culpa
1268 1705 1388 1796 factum
1411 1714 1469 1792 est,

353 1823 387 1882 ut
410 1817 476 1882 iam
498 1816 578 1881 nihil
601 1816 668 1882 iere
691 1817 768 1882 boni
792 1822 824 1882 et
846 1817 1023 1902 incorrupti
1047 1818 1131 1884 inter
1155 1839 1211 1885 eos
1235 1827 1350 1886 exstet.
1398 1821 1470 1899 Qua
1535 1887 1536 1892 ,

351 1930 392 1995 de
416 1949 516 1994 causa
539 1930 669 2016 (mast
695 1930 753 2016 ss.)

495 2056 643 2126 permittes
662 2057 733 2126 ipsis
752 2055 914 2126 expendere
932 2058 1101 2128 numinibus,
1121 2060 1189 2128 quid

494 2152 644 2207 conueniat
661 2152 743 2208 nobis
763 2153 905 2223 rebusque
926 2155 964 2209 sit
983 2155 1050 2208 utile
1069 2155 1183 2210 nostris.

493 2263 557 2300 nam
575 2263 626 2316 pro
646 2247 775 2302 iucundis
795 2248 942 2316 aptissima
961 2265 1092 2318 quaeque
1112 2249 1220 2304 dabunt
1239 2252 1274 2305 di.

495 2342 586 2397 carior
604 2346 650 2396 est
668 2341 722 2396 illis
742 2341 824 2396 horno
844 2359 927 2412 quarn
947 2343 1001 2397 sibi
1021 2349 1074 2398 etc.

352 2440 477 2540 Quibus
500 2482 632 2547 prorsus
656 2470 845 2546 congruunt,
869 2482 953 2544 quae
976 2464 1046 2547 XV,
1063 2464 1234 2529 143-148
1260 2464 1353 2530 dicit:
1425 2433 1429 2438 v

965 2577 1127 2632 uenerabile
1147 2579 1198 2632 soli

568 2671 663 2725 sortiti
679 2671 821 2740 ingenium
841 2671 1055 2741 diuinorumque
1075 2688 1195 2740 capaces

565 2772 651 2837 atque
672 2767 836 2823 exercendis
856 2766 1057 2837 capiendisque
1077 2768 1184 2822 artibus
1204 2768 1262 2835 apti

565 2881 680 2919 sensum
699 2881 716 2918 a
734 2863 851 2919 caelesti
870 2864 1022 2933 demissum
1042 2864 1179 2918 traximus
1199 2880 1271 2932 arce,

459 2994 463 2999 .
566 2961 646 3015 cuius
666 2965 753 3029 egent
771 2976 860 3029 prona
878 2964 908 3014 et
927 2964 1028 3015 terram
1048 2959 1213 3029 spectantia.
1233 2958 1327 3013 mundi

567 3056 703 3124 principio
723 3056 840 3110 indulsit
859 3056 1012 3111 communis
1032 3055 1158 3109 conditor
1177 3054 1231 3109 illis

564 3154 674 3203 tantum
693 3150 807 3219 animas,
825 3150 907 3205 nobis
927 3151 1046 3204 animum
1066 3165 1179 3219 quoque
1199 3154 1252 3204 etc.

352 3270 459 3336 Etiam
487 3270 522 3335 in
551 3270 715 3355 prioribus
743 3270 855 3335 satiris
884 3269 966 3335 duos
994 3267 1104 3334 inueni
1130 3268 1228 3353 locos,
1252 3270 1307 3351 qui
1336 3269 1467 3335 minime

352 3382 527 3448 abhorrent
550 3382 591 3447 ab
616 3382 673 3467 eis,
703 3402 784 3465 quos
815 3381 911 3446 modo
935 3381 1076 3446 laudaui.
1124 3380 1216 3457 Quod
1241 3381 1327 3445 enim
1352 3382 1468 3447 attinet

352 3495 395 3560 ad
424 3495 667 3580 conscientiam,
697 3496 752 3580 IV,
777 3495 812 3559 8:
845 3514 975 3578 neme,
1006 3493 1120 3577 inquit,
1152 3493 1282 3558 malus
1310 3491 1412 3559 felix
1435 3500 1468 3558 et

351 3608 407 3693 VI,
430 3601 493 3672 531
530 3614 650 3688 quanto
679 3607 713 3672 in
744 3606 818 3671 odio
845 3606 993 3671 homines
1026 3606 1154 3671 scelesti
1183 3605 1247 3669 sint
1278 3605 1365 3689 apud
1388 3605 1466 3673 deos
1572 3629 1576 3635 ·

352 3719 493 3786 ostendit
516 3739 642 3784 summa
664 3740 736 3784 cum
759 3719 983 3801 indignatione
1006 3720 1207 3785 exclamans:

478 3872 513 3910 61
532 3855 650 3908 animam
670 3859 700 3908 et
718 3857 848 3922 mentem,
866 3870 928 3907 cum
948 3870 1004 3923 qua
1022 3854 1050 3909 di
1068 3857 1150 3908 nocte
1169 3854 1333 3923 loquantur!

352 3978 450 4044 Hisce
472 3977 553 4042 locis
577 3975 718 4041 addendi
742 3981 817 4039 sunt
840 3973 880 4059 ei,
905 3974 1021 4056 quibus
1045 3975 1085 4041 dc
1109 3980 1243 4041 naturae
1267 3974 1467 4060 praestantia

351 4090 500 4174 loquitur,
524 4108 597 4154 cum
620 4088 663 4153 sit
685 4095 810 4171 natura,
833 4106 1004 4171 perquam
1025 4087 1078 4153 dei
1095 4108 1262 4172 corporum
1280 4095 1377 4170 atque
1400 4088 1467 4154 ani·

350 4222 474 4268 morum
496 4201 708 4266 humanorum
736 4201 1036 4283 leges-sanxerunt.
1083 4202 1163 4265 Eam
1188 4201 1308 4285 optime
1330 4200 1466 4265 homini·
1571 4244 1575 4251 .

350 4316 412 4381 bus
435 4313 645 4398 consuluisse,
673 4318 705 4378 et
727 4315 770 4398 II,
791 4314 853 4378 139
876 4319 909 4378 et
932 4312 972 4397 X,
993 4313 1067 4377 300.
1091 4314 1178 4398 XIV,
1199 4314 1274 4379 321.
1298 4316 1369 4400 XV,
1392 4316 1465 4381 131.

350 4426 438 4491 dicit.
995 4454 1001 4464 ¹
1156 4439 1161 4449 ·
