3642 5125
801 563 1020 626 „38-

444 744 583 830 Saepius
606 745 755 811 inuenies
778 746 949 811 uerborum
971 745 1095 831 modos,
1123 752 1278 830 tempora,
1307 765 1467 829 numeros,

354 877 512 943 personas
542 865 680 944 mutata,
712 879 845 941 quarum
880 859 1100 942 enallagarum
1131 859 1268 942 primam
1300 857 1467 922 deterioris

355 969 484 1052 generis
508 970 600 1035 codd.
624 971 812 1055 plerumque
835 971 910 1036 aliis
932 971 1125 1036 lectionibus
1155 969 1338 1036 substitutis
1367 990 1468 1035 remo-

355 1098 431 1146 uere
454 1088 620 1147 conantur.
667 1082 733 1148 Sed
764 1082 934 1165 quominus
966 1103 1022 1147 eos
1054 1102 1238 1166 sequamur,
1270 1105 1335 1149 non
1366 1083 1467 1148 solum

354 1194 524 1260 Pithoeani
548 1193 723 1259 auotoritas
736 1200 768 1258 et
786 1195 981 1276 reliquarum
1002 1195 1223 1278 enallagarum
1242 1213 1394 1260 numerus
1414 1195 1467 1258 ob-

355 1311 451 1391 stant,
476 1305 534 1372 sed
558 1305 656 1371 etiam
679 1306 713 1370 id
736 1306 822 1388 quod
845 1306 948 1371 tribus
971 1306 1067 1372 loeis:
1091 1308 1117 1390 I,
1136 1305 1189 1372 55.
1213 1308 1283 1391 VII,
1299 1307 1372 1371 185.
1397 1307 1467 1390 XV,

357 1420 430 1504 171,
454 1425 486 1485 61
509 1418 603 1484 metri
624 1418 715 1501 leges
739 1425 771 1484 et
794 1419 936 1483 omnium
960 1418 1053 1483 oodd.
1078 1438 1254 1488 consensus
1272 1407 1386 1482 modos
1401 1439 1467 1482 mu-

354 1539 442 1600 tatos
465 1540 603 1599 tuentur.
650 1532 773 1619 1111010
802 1531 887 1597 enim
918 1532 989 1596 loeo
1012 1532 1256 1597 Lachmannum
1287 1533 1383 1597 nimis
1414 1553 1467 1597 au-

328 1643 331 1647 ’
355 1647 466 1714 dacter
489 1647 661 1712 condiat
684 1643 862 1712 oonieeisse
884 1647 1089 1712 Hermannus
1112 1646 1146 1710 in
1166 1645 1261 1711 Vind.
1285 1647 1354 1711 qu.
1381 1645 1467 1710 Gott.

358 1758 445 1824 1854
467 1781 499 1844 p.
525 1759 567 1824 13
591 1759 731 1824 ostendit
760 1765 792 1824 et
819 1759 873 1824 hie
903 1758 1104 1824 Doederlinii
1141 1758 1358 1824 coniecturam
1388 1735 1467 1824 ere·

356 1849 551 1935 dide'runt
570 1870 789 1955 paenultimae
800 1870 955 1956 breuitas,
972 1891 1069 1953 quam
1085 1870 1207 1936 qu.·in
1225 1871 1275 1935 III
1292 1871 1373 1956 plur.
1386 1869 1467 1955 perf.

355 2002 530 2065 numquam
564 1981 723 2068 admittit,
757 1982 887 2070 reiicit.)
936 1983 1016 2048 Ooto
1051 1991 1158 2048 autem
1193 1983 1273 2048 loeis
1301 1981 1468 2047 modorum

356 2094 527 2177 enallagen
549 2094 694 2180 repperi:
719 2096 745 2179 I,
768 2095 911 2179 22-64,
937 2095 992 2160 ubi
1016 2094 1261 2180 cumprimum
1290 2095 1373 2177 regit
1403 2094 1467 2158 du-

356 2214 440 2293 061,
463 2207 586 2291 figat,
610 2212 766 2294 teneat,
790 2207 982 2292 uentilet,
1013 2213 1152 2292 queat,
1183 2207 1343 2292 ueniat,
1372 2227 1467 2272 sum-

356 2325 555 2404 moueant,
578 2326 645 2384 tum
669 2319 776 2384 subito
793 2318 964 2384 indioatiui
987 2319 1146 2404 premit,
1172 2318 1294 2396 bibit,
1318 2319 1469 2385 fruitur

356 2439 521 2517 secuntur,
553 2451 634 2515 quos
656 2451 767 2497 rursus
791 2431 988 2496 eoniunotiui
1018 2431 1221 2516 aeoipiat,
1253 2439 1388 2517 putet,
1418 2431 1468 2498 fe-

355 2553 483 2634 ratur,
519 2544 694 2632 excipiunt.
739 2545 766 2630 I,
797 2543 870 2630 158,
894 2545 930 2610 9:
965 2543 1143 2611 uehatur
1174 2584 1217 2591 —
1247 2544 1465 2630 despiciet.

357 2660 413 2745 IV,
443 2661 520 2745 101,
546 2660 584 2724 2:
613 2658 844 2741 intellegat
867 2696 911 2703 —
934 2658 1117 2723 miratur.
1163 2659 1217 2743 VI,
1242 2658 1323 2723 214:
1355 2658 1469 2724 dabit

358 2810 402 2819 —
426 2771 675 2838 excludatur.
721 2771 793 2854 VII,
820 2767 898 2834 185:
923 2776 1141 2854 componat
1160 2808 1204 2816 —
1224 2770 1373 2836 oondit.
1409 2773 1467 2857 IX,

360 2884 434 2970 144,
460 2884 536 2949 146:
559 2883 733 2949 iubeant
754 2922 799 2936 -ψ
820 2882 965 2968 pingit.
1011 2884 1070 2969 XI,
1097 2885 1169 2969 130,
1195 2886 1228 2949 1:
1260 2892 1468 2969 comparet

357 3037 402 3045 —
426 2996 617 3082 despicit.
663 2996 740 3097 XV,
760 2997 823 3061 169
846 3034 891 3042 —
916 2998 996 3062 171:
1029 2987 1264 3062 suffieit-
1288 2998 1467 3085 eredide-

357 3111 452 3176 rint.
479 3148 523 3157 -
550 3112 711 3195 Tempora
743 3116 925 3176 mutantur:
959 3112 985 3195 I,
1016 3111 1206 3177 lus-157:
1240 3110 1402 3176 luoebIs
1426 3150 1469 3157 -

359 3222 544 3289 deducis.
589 3223 665 3307 XII,
697 3224 739 3287 62
771 3242 831 3287 ss:
861 3222 993 3288 iaouit
1015 3262 1059 3269 —
1083 3223 1246 3309 duount,
1271 3264 1315 3271 —
1338 3226 1467 3291 adest.

357 3336 450 3422 XIII,
484 3337 527 3401 29
559 3357 589 3403 s:
623 3336 787 3402 inuenit
817 3375 859 3383 —
888 3337 1038 3421 posuit.
1062 3340 1287 3405 —Numeros
1329 3344 1469 3403 mutatos

359 3451 546 3517 ostendunt:
568 3453 611 3539 11,
636 3453 710 3538 160,
735 3452 771 3517 r:
795 3428 959 3517 uenerat
978 3489 1020 3504 .-
1040 3450 1161 3537 frunt,
1185 3452 1256 3536 vn,
1280 3452 1469 3517 aro-242:

357 3564 562 3649 imponite
584 3603 629 3611 —
652 3563 815 3646 exigite
847 3562 926 3651 (bis)
950 3602 994 3610 —
1016 3563 1157 3645 inquit.
1182 3602 1226 3611 -
1248 3564 1299 3627 Ex
1328 3563 1471 3629 secunda

357 3697 498 3763 persona
520 3677 563 3743 ad
585 3676 713 3742 tertiam
735 3675 798 3741 hoo
820 3682 944 3741 tantum
964 3676 1034 3741 looo
1052 3682 1084 3741 et
1103 3676 1141 3760 V,
1168 3678 1223 3741 19:
1248 3677 1341 3759 quid
1363 3679 1471 3745 ultra

358 3789 545 3873 quaeris?
567 3788 691 3854 habet
713 3788 885 3854 Trebius
908 3796 968 3853 610.
992 3787 1163 3853 transitum
1186 3788 1256 3853 fieri
1278 3788 1398 3855 inueni.

446 3902 490 3966 Vt
513 3906 620 3967 autem
642 3899 705 3965 hae
727 3899 761 3964 in
784 3920 828 3985 re,
852 3900 900 3965 ita
924 3900 1009 3981 quod
1033 3900 1148 3966 attinet
1171 3900 1214 3966 ad
1232 3920 1324 3967 usum
1341 3902 1470 3987 partiei-

357 4015 485 4100 piorum
511 4013 570 4079 fut.
594 4020 666 4099 aet,
694 4033 789 4095 quem
813 4013 972 4097 singulari
1001 4014 1140 4095 quodam
1170 4014 1277 4080 studio
1307 4015 1471 4081 quenalis

358 4129 499 4215 appetit,
528 4128 653 4213 priores
688 4133 720 4193 et
742 4128 938 4211 posteriores
963 4126 1081 4194 satiras
1111 4128 1292 4193 consentire
1323 4135 1470 4213 apparet.

359 4242 501 4320 Quorum
532 4261 604 4307 eum
635 4240 738 4305 maior
764 4259 841 4323 pars
871 4262 911 4305 ex
941 4241 1101 4306 communi
1129 4239 1287 4307 sermonis
1314 4261 1403 4305 more
1437 4240 1471 4305 id
1571 4218 1574 4233 ¹

359 4355 528 4439 exprimat,
552 4355 639 4438 quod
661 4362 717 4420 aut
740 4353 928 4441 simpliciter
950 4353 1093 4419 futurum
1117 4360 1175 4419 est.
1201 4354 1240 4441 (I,
1261 4354 1314 4419 34.
1339 4354 1393 4437 IV,
1420 4354 1470 4417 10.

358 4466 414 4551 VI,
436 4465 490 4531 44
514 4466 589 4532 277.
613 4467 672 4553 XI,
696 4466 727 4532 8.
753 4467 804 4539 13.
827 4466 916 4552 XIV,
940 4466 992 4531 59.
1018 4466 1092 4531 314.
1126 4466 1213 4552 XVI,
1237 4466 1305 4553 28.)
1330 4470 1387 4531 aut
1415 4464 1471 4531 ali-
