3642 5125
813 544 1036 609 ..32-

612 726 756 796 posuimus
775 729 808 781 ut
824 742 908 781 oenes
928 725 1055 796 ciuiliter,
1075 726 1129 782 hoo
1147 725 1209 782 face
1229 730 1258 782 et
1277 729 1348 794 esto,

613 826 685 890 esto,
705 825 736 875 ut
754 837 828 875 nuno
846 821 933 889 multi,
953 821 1034 876 diues
1054 821 1113 890 tibi,
1132 837 1241 900 pauper
1261 817 1383 878 661616.α

364 935 445 997 quos
469 936 582 982 uersus
605 918 709 1003 primo
733 917 844 982 obtuto
875 917 1039 1000 glossema
1070 938 1142 983 esse
1169 925 1278 1003 putes,
1310 919 1374 1003 ipsi
1401 918 1478 982 huie

363 1028 484 1094 satirae
507 1030 712 1115 aptissimum
743 1031 837 1113 quasi
872 1031 1054 1116 episodium
1082 1038 1165 1096 sunt.
1217 1032 1360 1097 Maxima
1392 1031 1477 1096 enim

363 1141 532 1226 eiuspars
556 1144 684 1208 eumin
708 1143 935 1208 enumerandis
960 1144 1108 1208 omnibus
1137 1144 1185 1209 616
1211 1150 1370 1228 uersetur,
1395 1163 1477 1225 quae

363 1277 422 1341 per
449 1277 560 1336 eenarn
588 1277 764 1341 pauperem
793 1257 942 1322 olientem
973 1258 1151 1324 aVirrone
1184 1258 1285 1323 diuite
1314 1263 1475 1343 separant,
1516 1311 1518 1318 .

364 1369 466 1433 oratio
491 1388 554 1433 uno
578 1389 704 1454 semper
727 1376 839 1434 tenore
857 1369 1068 1453 progrediens
1081 1389 1311 1452 quemeumque
1325 1372 1476 1436 lectorem

363 1480 572 1564 defatigaret,
607 1481 671 1546 nisi
701 1481 862 1546 interdum
898 1481 1051 1546 breuibus
1082 1481 1287 1546 deuerticulis
1312 1483 1476 1548 interrum-

362 1599 501 1679 peretur.
548 1593 669 1657 Eodem
693 1592 788 1657 modo
813 1600 872 1657 sat.
897 1594 946 1656 XI
969 1613 1095 1675 quoqne
1119 1595 1261 1659 ciborum
1289 1615 1476 1660 enumeran-

362 1707 476 1770 dorum
498 1705 680 1770 molestiam
703 1704 836 1769 deuitat.
882 1704 921 1769 In
944 1705 1180 1796 nostrasatira
1202 1705 1283 1771 tales
1307 1713 1381 1771 sunt
1413 1705 1475 1771 looi

362 1819 504 1884 26-29.
529 1819 670 1883 72-79.
697 1817 879 1882 132-145.
926 1819 995 1883 Iam
1019 1839 1118 1903 supra
1140 1825 1175 1883 ut
1198 1819 1385 1884 quenalem
1408 1839 1476 1884 sae·

362 1931 436 2016 pius
462 1949 518 1996 eos
541 1929 698 2015 homines,
723 1929 903 2012 dequibus
928 1951 1000 1998 eum
1023 1931 1163 1996 maxime
1187 1951 1292 1996 sermo
1316 1937 1374 2016 est,
1398 1931 1473 1996 allo·

362 2042 417 2125 qui
449 2042 706 2126 ostenderemus,
737 2043 917 2126 complures
944 2043 1032 2112 16666
1061 2043 1263 2128 collegimus,
1289 2064 1329 2109 ex
1360 2043 1475 2125 quibus

361 2156 449 2240 XIV,
474 2156 540 2219 210
563 2174 605 2219 66.
629 2173 761 2238 prorsus
784 2154 827 2218 ad
850 2154 963 2219 horum
986 2175 1039 2219 uu.
1068 2155 1310 2220 similitudinem
1340 2154 1474 2220 aooedit.

362 2269 414 2334 Ad
448 2274 535 2334 esto
571 2289 600 2332 u.
633 2268 696 2332 113
728 2267 899 2352 repetitum
936 2268 1115 2352 complura,
1135 2268 1293 2333 eiusmodi
1328 2268 1477 2352 exempla

362 2381 470 2447 afferri
489 2386 635 2466 possunt.
671 2379 809 2465 Saepius
827 2379 912 2444 enim
925 2381 993 2445 qu.
1011 2379 1250 2446 uehementiore
1271 2379 1370 2444 animi
1387 2384 1476 2443 motu

363 2493 516 2558 incitatus
540 2492 687 2578 uerbum,
719 2491 804 2576 quod
829 2498 971 2556 extremo
1000 2511 1096 2556 uersu
1124 2497 1285 2577 posuerat,
1309 2491 1475 2575 sequentis

364 2606 457 2671 initio
480 2605 607 2691 repetit.
631 2625 662 2669 u.
686 2606 728 2689 II,
754 2605 828 2669 135.
852 2606 907 2689 VI,
932 2605 984 2669 34.
1011 2605 1083 2669 166.
1109 2606 1295 2689 27911111,
1322 2606 1382 2669 147
1416 2611 1475 2669 ete.

382 2693 423 2788 V,
438 2717 590 2770 161-165:
610 2721 641 2769 tu
660 2715 711 2769 tibi
729 2716 800 2770 liber
819 2715 901 2769 homo
922 2721 951 2769 et
969 2702 1044 2785 regls
1065 2716 1185 2770 oonuiua
1203 2716 1321 2785 uideris;

612 2814 724 2878 captum
743 2814 772 2864 te
790 2810 888 2864 nidore
907 2826 976 2864 suae
996 2814 1079 2879 putat
1096 2810 1142 2864 ille
1161 2811 1277 2879 sultuna,

610 2920 662 2959 neo
680 2905 752 2959 male
771 2904 919 2959 coniectat.
940 2904 1004 2974 qula
1024 2904 1096 2959 enirn
1115 2909 1172 2959 tam
1190 2906 1292 2973 nudus,
1311 2905 1436 2959 utillum

609 2997 655 3053 bie
673 2996 756 3067 ferat,
775 3000 926 3054 Etruscum
944 3015 1033 3068 puero
1054 3000 1078 3055 si
1096 2999 1215 3069 contigit
1234 3016 1331 3055 aurum

611 3092 658 3146 uel
675 3092 766 3147 nodus
785 3096 893 3147 tantum
911 3098 942 3148 et
959 3094 1069 3163 signum
1090 3094 1125 3149 de
1145 3088 1270 3163 paupere
1288 3094 1386 3149 loro?-

361 3226 426 3270 non
452 3204 559 3286 magis
581 3224 677 3287 quarn
701 3206 772 3289 VII,
797 3206 849 3288 88,
873 3207 903 3270 9.
932 3207 1003 3272 181.
1027 3208 1114 3291 VIII,
1142 3207 1213 3271 134.
1240 3208 1312 3271 194.
1337 3208 1395 3291 IX,
1420 3208 1471 3271 99.

362 3320 404 3383 99
433 3339 459 3383 6.
484 3317 557 3402 (666
580 3356 623 3363 -
647 3317 778 3403 opibus)
804 3338 875 3382 oum
900 3318 995 3383 Ribb.
1025 3318 1176 3384 eiioiendi
1204 3324 1287 3383 sunt.
1335 3318 1472 3383 Omnino

362 3430 536 3514 permultos
559 3431 628 3493 qu.
653 3429 741 3497 loeos
770 3429 917 3506 uersibus
946 3430 1107 3494 nonnuIIIs
1137 3429 1266 3493 omissis
1297 3430 1472 3495 strictiores

360 3542 438 3620 lieri,
452 3561 558 3625 posse,
582 3562 623 3605 ex
646 3541 720 3605 stilo
744 3541 814 3606 eius
835 3540 932 3607 facile
956 3548 1100 3626 apparet.
1137 3542 1219 3606 Nam
1240 3541 1388 3627 omnibus
1405 3540 1472 3606 fere

361 3656 409 3721 616
431 3655 522 3739 loeis,
545 3674 626 3736 quos
650 3675 721 3719 ourn
744 3655 777 3719 ui
800 3654 1000 3739 pronuntiat,
1026 3654 1142 3736 quique
1166 3653 1253 3738 apud
1284 3653 1366 3718 alios
1396 3653 1471 3718 sori-

359 3775 469 3853 ptores
497 3787 593 3849 quam
622 3766 806 3831 breuissimi
834 3772 926 3851 sunt,
955 3767 1066 3831 quen.
1095 3766 1203 3830 multis
1231 3764 1340 3830 uerbis
1364 3765 1471 3847 utitur,

361 3878 535 3945 ostendens
559 3899 599 3943 ex
626 3878 741 3942 intimo
773 3878 881 3943 animo
916 3898 972 3943 eas
1001 3878 1064 3943 sibi
1093 3878 1270 3943 sententias
1299 3876 1470 3961 profieisei.

360 3993 461 4057 Plane
487 3990 586 4073 igitur
614 4010 769 4073 peruersa
798 3990 922 4055 ratione
952 3990 983 4055 ei
1012 3970 1157 4074 utuntur,
1187 3989 1241 4071 qui
1270 3988 1471 4054 athetesibus

359 4105 441 4170 tales
463 4104 552 4169 loeos
577 4122 693 4167 sanare
716 4102 836 4185 uolunt,
860 4108 895 4165 ut
920 4102 1052 4187 Gruppe
1074 4102 1106 4166 in
1130 4102 1248 4185 Minoe,
1273 4100 1328 4165 ubi
1352 4122 1382 4185 p.
1406 4099 1471 4164 533

360 4216 400 4281 de
423 4216 478 4299 VI,
504 4216 567 4279 116
591 4234 634 4279 66.
658 4213 812 4278 itareete
835 4213 1002 4297 disputare
1027 4214 1193 4299 opinatur:
1222 4214 1327 4297 „Solu
1353 4240 1393 4279 66
1420 4239 1470 4301 96-

359 4332 487 4393 66161666
514 4329 636 4392 66116161
666 4328 731 4391 mir
758 4328 811 4390 die
838 4325 948 4411 Stella,
983 4350 1074 4391 wana
1107 4351 1183 4390 rouo
1217 4330 1264 4393 616
1298 4328 1469 4393 6611166666

361 4440 472 4526 darfte
495 4441 554 4502 mit
577 4439 803 4504 (1661766666.-
