3642 5125
814 505 1035 570 ,26-

360 689 415 772 VI,
428 689 493 752 308
516 710 620 772 paene
644 709 725 774 opus
748 696 797 754 est
815 689 856 752 oh
880 695 1052 771 sequentes
1070 688 1212 773 plurales
1235 695 1394 773 ponunt
1418 695 1478 754 eto.

361 802 415 884 VI,
442 801 517 885 632,
547 802 568 865 3
597 807 629 866 et
657 802 696 884 V,
726 802 766 864 91
806 803 1039 885 supernae-anei
1071 802 1200 885 quidem
1231 808 1305 868 sunt
1332 802 1480 886 et·prior

360 913 450 976 loeus
470 912 511 976 ob
528 912 693 998 papas¹)
717 912 855 979 fortasse
875 920 908 978 et
925 933 1030 996 quae
1052 915 1248 1000 peperit2)
1268 916 1480 1001 suspitionem

359 1025 464 1110 possit
485 1045 624 1110 mouere,
648 1025 706 1091 sed
728 1028 766 1110 V,
784 1027 824 1090 91
851 1027 938 1091 omni
960 1027 1138 1111 suspitione
1158 1035 1254 1114 earet,
1279 1049 1350 1094 oum
1369 1049 1477 1114 super-

361 1157 540 1203 uacaneum
558 1158 630 1203 eum
648 1159 720 1204 esse
737 1139 824 1223 apud
841 1139 1028 1204 quenalem
1048 1141 1218 1206 offensioni
1239 1161 1311 1216 esse
1331 1149 1478 1226 nequeat,

361 1256 452 1316 ater
474 1258 593 1335 autem,
616 1250 702 1332 quod
724 1250 870 1335 plerique
894 1251 987 1316 codd.
1011 1253 1177 1338 praebent,
1202 1274 1369 1318 commune
1392 1253 1479 1338 apud

360 1370 474 1448 poetas
498 1371 683 1449 serpentum
706 1363 887 1445 uenenique
910 1363 1076 1448 epitheton
1101 1365 1152 1429 sit.
1178 1365 1217 1430 os.
1242 1367 1318 1432 Hor.
1333 1365 1392 1431 Od.
1418 1367 1476 1450 III,

361 1477 469 1560 4,11.
515 1477 611 1557 Verg.
635 1475 879 1559 1110181129.
902 1477 1033 1560 11‚130.
1080 1476 1140 1542 Οιι.
1165 1478 1240 1542 Met.
1263 1479 1355 1563 Les.
1399 1478 1477 1542 Oum

361 1588 460 1670 igitur
483 1588 517 1652 in
540 1589 602 1652 VII
624 1587 689 1651 illis
713 1594 787 1652 satt.
810 1589 839 1653 V
863 1594 895 1653 et
917 1589 962 1653 VI
991 1588 1139 1654 uersibus
1169 1587 1258 1674 (nam
1282 1589 1322 1654 de
1344 1589 1432 1673 VIII,
1458 1591 1475 1654 1

361 1701 447 1767 infra
476 1701 672 1788 uidebimus)
702 1701 870 1782 grauiores
908 1720 1024 1766 causas
1061 1700 1169 1766 inesse
1198 1722 1263 1766 non
1292 1702 1477 1786 uiderimus

362 1835 418 1880 eur
440 1813 605 1880 quenalis
628 1832 685 1879 eos
704 1832 776 1878 esse
796 1832 997 1898 negaremus,
1022 1813 1102 1877 nihil
1123 1832 1182 1876 nos
1196 1813 1367 1896 prohibere
1390 1813 1477 1879 uide-

330 1935 421 2013 ·tur,
453 1927 624 2010 quominus
654 1926 804 1991 librarios
833 1947 873 1991 ex
904 1926 987 2010 ipsis
1016 1927 1125 1992 satiris
1154 1947 1210 1991 eos
1238 1926 1271 1990 in
1299 1925 1477 2008 marginem

361 2041 603 2125 transposuisse
626 2046 815 2123 statuamus,
847 2047 879 2104 et
900 2041 939 2123 V,
960 2041 1012 2104 91.
1037 2041 1091 2124 Vl,
1113 2041 1187 2104 308.
1212 2040 1287 2124 558,
1309 2041 1339 2104 9.
1364 2041 1477 2124 632,3

362 2153 492 2236 quidem
515 2159 832 2237 utsuperuaeaneos,
855 2153 911 2236 Vl,
927 2153 990 2216 126
1009 2159 1116 2217 autem
1132 2159 1262 2237 propter
1282 2153 1476 2218 obseoenam

362 2267 556 2332 sententiam
578 2266 767 2332 remouisse.

451 2379 531 2444 Cum
559 2379 607 2444 ita
641 2377 826 2462 uiderimus,
861 2379 989 2445 eodiees
1019 2399 1078 2444 nos
1108 2399 1173 2444 non
1204 2379 1328 2462 dooere,
1364 2397 1478 2442 uersus

362 2491 518 2575 quosdam
543 2511 616 2557 esse
635 2490 773 2577 spurios,
800 2491 880 2556 nihil
907 2498 1017 2576 restat,
1043 2491 1107 2556 nisi
1132 2498 1167 2556 ut
1190 2491 1234 2556 ad
1257 2491 1346 2576 ipsos
1367 2509 1479 2554 uersus

363 2604 555 2670 aooedamus
579 2612 611 2670 et
634 2604 812 2689 uideamus,
836 2604 931 2686 quale
955 2605 995 2669 de
1019 2624 1054 2669 se
1077 2604 1140 2689 ipsi
1170 2604 1324 2668 iudicium
1347 2602 1477 2668 faciant.

364 2718 446 2782 Nam
470 2724 505 2781 ut
526 2717 630 2802 oodd,
652 2717 699 2783 ita
722 2717 916 2782 seholi0rum
941 2722 972 2782 et
1000 2718 1282 2799 grammaticorum
1305 2714 1425 2779 auxilio
1445 2714 1478 2778 in

363 2828 425 2893 hae
447 2828 637 2910 quaestione
660 2828 807 2894 destituti
831 2849 951 2913 sumus,
976 2848 1048 2893 oum
1067 2828 1179 2893 horum
1198 2830 1397 2914 temporibus
1410 2850 1478 2895 uer-

364 2960 420 3032 sus
443 2960 528 3006 saec.
553 2942 586 3005 11
608 2948 665 3007 aut
686 2944 736 3007 IIl
759 2942 801 3007 ab
820 2942 1105 3027 interpolatoribus
1124 2942 1227 3009 additi
1251 2943 1400 3026 dignosci
1423 2943 1479 3007 uix

363 3096 406 3149 23.
426 3093 505 3149 Suet
524 3094 597 3150 Otho
617 3095 642 3149 4.
662 3094 699 3165 6),
722 3112 750 3149 ιι.
770 3095 831 3163 558,
859 3097 875 3149 9
895 3096 981 3149 alludi
999 3096 1235 3164 interpretatores
1255 3101 1332 3151 reete
1353 3102 1478 3152 statuere

364 3184 504 3253 uidentur,
525 3185 589 3253 quis
608 3190 654 3239 est
673 3185 740 3254 quin
759 3186 908 3254 eoneedat,
935 3201 991 3238 non
1010 3185 1101 3240 minus
1120 3185 1271 3240 uerisimile
1292 3202 1372 3255 esse,
1397 3187 1478 3239 luue-

363 3274 454 3327 nalem
468 3290 517 3328 eas
529 3290 576 3329 res
591 3278 691 3343 gestas
707 3289 935 3343 commemorare,
956 3290 1073 3343 quarum
1089 3274 1117 3327 in
1133 3278 1261 3343 tempora
1276 3274 1367 3343 ipsius
1382 3274 1478 3328 iuuen-

277 3364 281 3370 ’
364 3367 412 3417 tus
437 3363 549 3432 insidit,
573 3379 656 3432 quam
682 3378 718 3417 ex
743 3363 855 3431 Tacito,
883 3362 1035 3430 Suetonio,
1063 3362 1213 3417 Plutarcho
1238 3378 1340 3418 uersus
1365 3368 1479 3417 nostros

364 3452 500 3507 oriundos
519 3451 554 3506 ab
574 3453 776 3521 interpolatore
795 3452 925 3521 quolibet
943 3452 988 3507 hie
1007 3452 1119 3507 additos
1140 3468 1215 3507 esso.

439 3540 459 3610 ¹)
478 3540 594 3609 Papus
614 3541 686 3595 enim
706 3541 783 3610 quod
801 3540 969 3595 uocabulum
992 3541 1019 3593 in
1034 3541 1127 3594 media
1140 3544 1235 3596 aetate
1250 3540 1325 3595 idem
1341 3538 1480 3609 signifieat

364 3646 398 3683 ae
415 3630 616 3699 paedagogus,
640 3635 706 3685 ante
724 3630 798 3685 huno
819 3632 880 3684 qu.
899 3631 991 3684 loeum
1015 3613 1166 3700 numqham
1191 3630 1231 3684 ita
1253 3635 1415 3699 usurpatur.
1453 3646 1478 3687 u.

364 3720 410 3773 Du
429 3718 534 3788 Gange,
554 3719 647 3775 Gloss.
667 3736 690 3774 s.
709 3736 737 3773 u.

437 3808 459 3878 ²)
477 3810 509 3862 In
521 3808 556 3864 iis
576 3809 658 3863 enim.
677 3824 750 3878 quae
770 3809 954 3878 antecedunt,
974 3810 1009 3865 de
1028 3810 1173 3877 nouereis,
1203 3826 1258 3863 non
1283 3808 1317 3863 de
1343 3806 1478 3862 matribus

366 3914 523 3953 sermonem
538 3914 603 3953 esse
619 3898 779 3966 Paldamus,
793 3897 820 3950 in
836 3898 970 3953 Zeitsehr.
988 3898 1007 3954 f.
1028 3900 1239 3954 Alterthumsw.
1260 3898 1338 3966 1838,
1356 3914 1384 3967 p.
1400 3897 1478 3950 1143.

364 3987 481 4042 monuit.
519 3986 602 4051 Quod
619 3987 686 4040 nihil
704 3988 800 4041 ualere
819 3987 855 4041 ad
875 3989 1059 4057 suspitionem
1085 3989 1121 4043 de
1147 3988 1224 4043 hisee
1249 4004 1341 4043 uerss.
1366 4002 1478 4040 mouen-

366 4078 443 4146 dam,
467 4077 522 4131 iam
545 4077 697 4131 Heinriehii
722 4092 791 4131 uera
814 4076 896 4132 huius
916 4078 969 4131 looi
988 4078 1182 4147 interpretatio
1203 4076 1336 4131 ostendit.
1374 4074 1479 4131 Grada-

365 4166 470 4221 tionem
490 4167 562 4221 enim
581 4166 777 4235 grauissimam
795 4164 856 4220 fieri
874 4166 973 4221 uideas
992 4182 1028 4220 ex
1047 4167 1121 4221 natis
1141 4167 1176 4221 de
1195 4166 1294 4235 pellioe
1310 4166 1347 4237 (u.
1365 4164 1429 4235 621)
1443 4164 1479 4219 ad

365 4255 521 4325 prtuignos,
547 4256 668 4323 dentque
687 4256 724 4309 ad
741 4255 832 4324 ipsius
852 4254 972 4309 feminae
990 4256 1094 4311 liberos
1114 4272 1149 4310 ex
1168 4260 1278 4309 mortuo
1298 4254 1397 4309 marito
1416 4270 1478 4323 par-

366 4349 426 4413 tos,
454 4345 490 4399 de
519 4344 622 4413 quihus
650 4360 677 4397 u.
705 4344 757 4399 629
785 4346 900 4413 pupillis
929 4345 1078 4399 nominatis
1105 4344 1133 4398 in
1161 4344 1203 4399 eis
1231 4360 1303 4413 quae
1332 4348 1475 4413 secuntur,

366 4449 458 4489 sermo
478 4439 532 4489 est.
