3642 5125
103 4489 114 4537 l

649 576 684 640 ,‘
795 520 1017 585 -25-

351 706 475 767 tantum
489 703 666 770 eiioiendos
677 724 750 771 esse
762 711 963 791 censuerunt,
977 724 1057 788 quos
1069 705 1200 771 retineri
1211 724 1275 770 non
1287 722 1385 788 posse
1398 723 1463 769 oer-

351 813 498 879 tissimae
511 836 629 882 00οι00
641 817 807 882 euidenter
820 817 1085 883 demonstrarent.
1095 819 1181 882 -In
1192 817 1254 882 hae
1263 817 1462 902 quaestione,

261 956 272 975 ι
349 934 385 991 ut
418 947 545 1012 semper
579 949 650 993 oum
685 928 725 994 de
758 929 946 1015 incorrupta
983 930 1096 1014 scripti
1128 929 1299 994 cuiuslibet
1331 928 1463 1011 integri-

349 1045 415 1104 tate
438 1039 554 1124 agitur,
578 1041 844 1125 proficiscendum
865 1047 919 1106 est
938 1062 958 1106 a
977 1041 1152 1107 oodioibus.
1189 1043 1239 1106 Ex
1255 1040 1372 1124 quibus
1391 1061 1461 1106 oum

350 1150 480 1215 omnino
514 1152 727 1218 Pithoeanum
758 1177 900 1220 summae
932 1177 996 1220 ease
1012 1156 1099 1239 fidoi
1122 1160 1268 1238 constat,
1303 1160 1369 1218 tum
1401 1153 1463 1217 hao

349 1281 475 1344 quoqne
505 1264 539 1327 in
568 1284 603 1328 re
630 1265 734 1328 loonm
767 1285 857 1329 snum
888 1271 985 1330 tenet.
1033 1265 1112 1330 Cum
1142 1265 1226 1331 enim
1259 1285 1315 1330 eos
1338 1283 1462 1348 uersus,

348 1373 403 1454 qui
434 1373 468 1438 in
497 1395 535 1440 eo
561 1375 697 1459 desunt,
732 1376 766 1440 in
798 1377 995 1441 editionibus
1028 1383 1133 1442 antem
1157 1377 1322 1460 leguntur:
1345 1379 1384 1463 V,
1409 1378 1461 1442 91.

348 1487 402 1570 VI,
429 1488 502 1552 126.
527 1489 601 1554 308.
625 1490 699 1573 658,
724 1491 754 1555 9.
779 1491 853 1573 632,
878 1491 908 1554 3.
929 1529 972 1536 —
988 1511 1064 1554 nam
1088 1489 1142 1571 qui
1159 1497 1328 1574 praeterea
1346 1511 1367 1555 a
1385 1510 1462 1574 pau-

349 1599 491 1665 cissimis
522 1600 688 1665 eodioibus
716 1600 929 1666 deterioribus
952 1602 1136 1685 traduntur,
1168 1621 1223 1666 eos
1247 1601 1366 1666 nullius
1390 1621 1462 1667 esse

349 1712 503 1795 antiquae
521 1713 597 1779 fidei
620 1735 679 1798 per
702 1734 737 1778 se
760 1721 850 1798 patet
862 1753 916 1800 —,
940 1715 1031 1779 multi
1050 1713 1142 1779 oodd.
1161 1714 1330 1779 deterioris
1348 1714 1462 1779 elassis

349 1833 406 1890 ant
429 1827 578 1891 omittant
600 1834 656 1892 ant
679 1827 775 1891 modo
803 1827 866 1891 huo
888 1827 985 1891 modo
1009 1826 1084 1890 illno
1107 1832 1330 1910 transponant,
1363 1847 1461 1910 appa-

348 1946 405 2022 ret,
430 1957 540 2002 omnes
564 1957 584 2002 a
607 1938 786 2003 Pitlroeano
811 1939 949 2004 omissos
974 1958 1096 2021 uersus,
1121 1958 1192 2003 oum
1215 1937 1249 2002 in
1273 1938 1327 2002 illo
1341 1938 1461 2023 oodioe,

349 2069 389 2114 ex
413 2069 475 2130 quo
505 2050 593 2114 solus
615 2050 699 2114 Pitlr.
730 2050 886 2132 originem
916 2050 1021 2135 duxit,
1057 2051 1186 2114 omnino
1215 2070 1280 2114 non
1308 2050 1461 2136 inessent,

347 2160 541 2242 reliquorum
577 2162 718 2225 omnium
747 2162 892 2226 oodionm
922 2161 1132 2247 archetypum
1159 2162 1192 2226 in
1221 2162 1367 2244 margine
1393 2169 1462 2227 tan-

348 2281 415 2338 tum
438 2273 591 2339 habuisse
616 2273 660 2360 (n.
685 2275 783 2340 sehol.
808 2276 921 2341 Vallae
945 2276 987 2340 ad
1009 2277 1064 2360 VI,
1090 2277 1164 2360 632,
1189 2278 1225 2341 3:
1257 2279 1292 2341 ut
1316 2279 1389 2362 cino,
1414 2279 1461 2342 io-

347 2390 417 2472 quit
439 2388 576 2471 Probus,
600 2390 756 2455 versiculi
778 2392 815 2454 ira
838 2391 917 2455 aliia
940 2414 1004 2458 aaa
1032 2391 1130 2476 auat).
1176 2391 1289 2472 Longe
1317 2389 1384 2454 alia
1411 2395 1460 2454 est

346 2499 539 2581 reliquorum
564 2501 656 2567 oodd.
681 2502 838 2568 oondioio.
883 2504 1017 2569 Praeter
1039 2501 1093 2588 VI,
1121 2504 1193 2568 126.
1218 2503 1305 2587 VIII,
1330 2502 1348 2567 'l
1374 2501 1459 2567 enim

346 2612 443 2695 pansi
478 2618 602 2677 tantum
637 2614 729 2679 eodd.
759 2614 905 2697 singulos
940 2634 1053 2679 uersus
1086 2636 1151 2680 non
1186 2615 1307 2681 habent
1342 2635 1461 2698 eosque

345 2724 444 2807 igitur
466 2726 563 2807 louge
586 2726 764 2810 posteriore
788 2733 932 2811 tempore
955 2726 1175 2811 perdiderunt.
1211 2728 1313 2793 Vnius
1335 2728 1459 2812 vl11,7

346 2839 463 2903 similis
487 2847 536 2904 est
560 2840 706 2905 eondioio
730 2846 827 2922 atque
850 2860 1001 2905 uersuum
1026 2860 1123 2925 supra
1140 2841 1354 2925 laudatorum,
1379 2860 1460 2926 oum,

346 2956 380 3015 ut
404 2952 459 3035 VI,
484 2953 547 3017 126
570 2974 706 3039 quoque,
726 2954 760 3019 in
784 2955 933 3020 omnibns
958 2954 1127 3020 deterioris
1145 2954 1274 3037 generis
1297 2953 1389 3019 codd.
1408 2974 1460 3019 ex-

345 3063 448 3147 eeptIs
464 3067 696 3133 recentioribus
708 3067 901 3149 quibusdam
915 3067 1008 3133 desit.
1032 3067 1130 3132 Dioat
1142 3087 1227 3132 0000
1244 3067 1325 3153 quis,
1346 3074 1381 3132 ut
1393 3066 1459 3133 sere

345 3196 481 3262 semper,
497 3178 544 3243 ita
556 3179 618 3244 hae
635 3199 761 3261 quoqne
773 3180 807 3243 in
819 3200 853 3244 re
866 3179 1037 3245 Pithoeani
1053 3180 1224 3264 probatam
1237 3180 1460 3245 auctoritatem

345 3292 465 3357 seoutis
487 3299 610 3376 septem
627 3293 699 3356 illos
717 3310 840 3376 uersus,
864 3311 945 3374 quos
965 3293 998 3356 in
1018 3313 1056 3357 eo
1079 3312 1144 3357 non
1162 3292 1310 3377 legimns,
1333 3292 1460 3377 spurios

343 3404 438 3469 nobis
460 3404 626 3469 habendos
650 3423 732 3469 esse.
768 3404 834 3470 Sed
857 3405 938 3469 miro
958 3404 1055 3469 modo
1079 3412 1153 3471 ante
1177 3404 1286 3469 omnia
1309 3404 1380 3489 ipse
1406 3404 1460 3471 ille

344 3534 466 3596 uersus,
497 3535 592 3596 quem
615 3536 719 3597 neque
741 3516 837 3600 Pitlr,
867 3536 972 3598 neque
994 3516 1090 3599 longo
1114 3515 1243 3601 plurimi
1265 3518 1459 3600 reliquorum

344 3628 436 3693 codd.
468 3628 613 3695 tradunt:
647 3631 702 3715 VI,
726 3631 798 3715 126,
822 3649 882 3695 nos
905 3629 1064 3714 prohibet,
1088 3650 1129 3694 ne
1152 3636 1271 3695 temere
1294 3630 1356 3695 hoe
1378 3630 1459 3695 indi-

344 3740 427 3804 oinm
450 3723 634 3818 faciamus·
664 3744 712 3806 Eo
736 3742 821 3807 enim
844 3742 925 3825 1000,
949 3762 1012 3823 quo
1036 3762 1117 3827 eum,
1142 3762 1235 3823 quem
1259 3744 1356 3827 paulo
1380 3743 1458 3809 infe-

241 3926 246 3933 .
343 3853 409 3918 rins
435 3853 469 3917 in
499 3855 636 3919 uetustis
665 3854 757 3919 eodd.
780 3854 978 3919 Pulmannus
1008 3861 1039 3919 et
1062 3856 1107 3919 Io.
1132 3853 1350 3938 Ouspinianus
1373 3856 1457 3938 lege·

342 3972 424 4049 runt,
452 3966 635 4032 Herminius
662 3969 780 4051 posuit,
812 3968 868 4032 uix
898 3975 1005 4052 potest
1037 3966 1224 4051 desiderari,
1261 3987 1331 4032 enm
1362 3974 1459 4055 eaput

342 4078 385 4142 sit
407 4078 671 4163 totinseriminis,
695 4099 758 4161 quo
778 4080 943 4145 quenalis
961 4078 1322 4145 damnetMessalinam.
1352 4080 1458 4145 Etiam

342 4192 397 4275 VI,
415 4193 490 4269 558,
507 4195 538 4277 9,
574 4194 691 4275 quibus
725 4193 855 4257 omissis
884 4213 914 4258 n.
939 4193 1001 4257 557
1031 4191 1128 4256 nimis
1164 4191 1270 4257 nudus
1301 4192 1459 4275 exilisque

343 4311 429 4369 esset
459 4325 517 4389 pro
548 4305 713 4370 quenalis
743 4304 852 4369 indole
861 4303 897 4391 ¹),
922 4325 985 4368 non
1008 4302 1103 4369 saoile
1127 4303 1243 4369 abesse
1266 4304 1403 4389 possint,
1428 4310 1459 4370 et

306 4483 311 4491 ·
414 4458 435 4530 ¹)
455 4457 537 4522 Quod
555 4463 650 4512 antem
668 4457 705 4511 ad
728 4457 921 4511 Ptolemaeum
946 4455 1093 4511 Seleucum
1119 4454 1344 4509 mathematicum
1369 4456 1453 4525 illum,

338 4563 399 4619 ‚qno
422 4547 561 4603 suadente
580 4546 653 4604 Otho
677 4562 769 4603 rerum
793 4546 903 4617 potitus
922 4548 967 4601 est
985 4544 1062 4619 (Tae.
1081 4546 1154 4601 Hist.
1171 4546 1193 4615 I,
1212 4544 1256 4599 22.
1276 4544 1351 4599 Plnt.
1365 4544 1457 4601 Galba
