3642 5125
806 527 1027 592 „10-

357 709 439 795 licis,
463 709 518 792 qui
542 708 692 776 uixerunt
714 731 772 796 per
784 710 920 775 liberam
933 713 1147 776 Romanorum
1167 711 1398 797 rempublicam
1421 712 1474 778 de·

356 829 523 908 monstrat,
559 825 804 908 congruentiam
839 825 929 890 illam
959 831 1149 890 accentuum
1179 824 1213 889 in
1236 825 1300 892 fine
1323 844 1474 892 uersuum

357 936 505 1018 quamuis
528 943 643 1003 natura
665 945 818 1004 accentus
841 940 972 1022 linguae
996 939 1116 1005 latinae
1141 940 1298 1023 effectam,
1322 946 1430 1004 tamen
1454 960 1475 1004 a

357 1048 495 1132 singulis
517 1050 624 1134 poetis
646 1051 720 1135 plus
742 1052 890 1117 minusue
914 1071 987 1117 esse
1009 1052 1197 1136 appetitam.
1243 1050 1309 1117 Sed
1332 1056 1475 1135 exparte

356 1168 481 1227 tantum
512 1163 734 1244 quaestionem
772 1163 877 1249 soluit,
919 1185 989 1229 cum
1021 1165 1054 1230 in
1085 1165 1153 1229 solo
1182 1165 1265 1249 pede
1294 1163 1322 1229 V
1353 1163 1394 1228 de
1424 1183 1474 1228 ac·

358 1279 508 1339 oentuum
532 1276 743 1357 congruentia
766 1283 944 1360 quaereret,
968 1296 1072 1360 neque
1096 1296 1179 1360 quae
1205 1275 1248 1341 sit
1274 1276 1356 1342 ratio
1381 1276 1475 1342 buius

358 1388 587 1470 congruentiae
615 1388 649 1453 in
679 1389 724 1453 VI
750 1389 843 1474 pede.
891 1390 928 1453 In
952 1389 981 1453 V
1004 1395 1111 1455 autern
1140 1389 1223 1473 pede
1252 1389 1349 1454 Ennii
1378 1389 1475 1455 hena-

358 1508 541 1587 metrorum,
572 1503 627 1585 qui
655 1504 750 1568 nobis
782 1503 903 1568 seruati
928 1511 1010 1588 sunt,
1041 1503 1232 1585 trigesimam
1256 1508 1391 1586 partem,
1415 1503 1476 1566 Lu·

359 1616 425 1682 cilii
456 1616 738 1700 quadragesimam
773 1625 934 1701 quartam,
970 1617 1112 1682 Lucretii
1143 1614 1396 1682 ducentesimam
1422 1615 1476 1680 tri-

359 1728 521 1815 cesimam,
543 1729 669 1814 Catulli,
692 1730 783 1794 cuius
801 1749 915 1795 uersus
935 1729 1064 1794 omnino
1078 1728 1142 1793 sint
1154 1728 1334 1812 antiquiore
1353 1727 1475 1811 babitu,

359 1841 660 1925 quinquagesimam
691 1862 820 1927 nonam,
853 1841 986 1924 Vergilii
1016 1861 1126 1905 rursus
1154 1839 1407 1906 ducentesimam
1431 1839 1476 1903 ui-

359 1953 517 2036 gesimam
541 1954 722 2040 septimam,
747 1954 857 2035 Ouidii
882 1961 999 2039 autern,
1024 1954 1114 2019 cuius
1127 1973 1276 2019 uersuum
1290 1953 1477 2039 pangendo-

359 2087 430 2131 rnm
453 2086 507 2132 ars
536 2067 579 2132 sit
609 2087 748 2150 summa,
780 2067 1048 2133 sexcentesimam
1073 2066 1277 2132 undecimam
1306 2072 1477 2131 acentuum

360 2180 572 2262 congruentia
606 2199 715 2244 carere
753 2179 902 2244 ostendit.
956 2179 1049 2258 Quod
1080 2179 1196 2244 attinet
1225 2179 1268 2243 ad
1299 2179 1477 2264 Horatium,

359 2292 515 2376 Persium,
539 2293 725 2358 quenalem
749 2292 907 2377 satiricos,
931 2293 1085 2358 Horatius
1108 2293 1141 2358 in
1162 2293 1294 2358 Sermm.
1319 2293 1371 2358 uel
1394 2293 1479 2359 ultra

359 2405 517 2470 Lucilium
537 2405 571 2470 in
592 2405 803 2488 congruentia
822 2405 879 2470 illa
898 2413 974 2470 ante
994 2424 1160 2470 caesuram
1177 2407 1260 2470 XIII
1275 2405 1479 2488 neglegenda

359 2517 491 2605 recedit,
521 2519 652 2585 Persius
683 2524 715 2585 et
745 2517 845 2583 multo
877 2519 983 2602 magis
1012 2517 1177 2585 quenalis
1200 2518 1338 2602 Vergilii
1360 2518 1478 2584 rationi

359 2632 630 2716 appropinquant.
681 2632 834 2696 Horatius
863 2632 949 2697 enirn
981 2652 1052 2696 curn
1083 2630 1116 2695 in
1146 2631 1280 2697 Sermm.
1312 2652 1478 2698 caesuram

358 2747 441 2811 XIII
463 2746 635 2811 trecenties
658 2745 767 2811 tricies
786 2746 955 2827 quinquies
973 2746 1149 2830 admiserit,
1174 2748 1216 2811 86
1236 2746 1348 2811 barum
1370 2765 1478 2812 caesu-

359 2877 465 2923 rarum
488 2858 605 2943 pedem
622 2858 651 2922 V
670 2865 858 2923 accentuum
883 2859 1093 2941 congruentia
1115 2857 1287 2945 priuant1).
1324 2861 1362 2924 ln
1384 2860 1478 2945 Epp,

360 2972 481 3056 quippe
511 2975 645 3059 quarum
685 2990 751 3034 rem
788 2970 956 3035 metricam
995 2972 1125 3038 omnino
1154 2973 1275 3039 maiore
1309 2972 1480 3056 diligentia

360 3084 558 3170 tractauerit,
586 3084 670 3151 inter
695 3084 755 3149 191
782 3102 934 3148 caesuras
963 3084 1045 3149 XIII
1068 3086 1110 3149 36
1139 3092 1262 3149 tantum
1291 3093 1479 3152 accentuum

362 3196 605 3279 congruentiam
635 3198 759 3263 tollunt.
805 3195 937 3261 Persius
959 3196 1056 3280 paulo
1085 3195 1271 3279 diligentior
1300 3203 1350 3263 est
1371 3198 1405 3263 in
1428 3220 1479 3265 ac·

363 3318 512 3377 centuum
541 3311 762 3397 discrepantia
793 3310 957 3393 euitanda,
988 3328 1059 3374 curn
1090 3308 1123 3373 in
1152 3310 1195 3375 35
1226 3309 1392 3395 uersibus,
1424 3312 1479 3393 qui

362 3443 530 3491 caesuram
559 3424 681 3490 babent
706 3425 798 3509 XHI,
827 3423 936 3489 decies
967 3428 1090 3489 tanturn
1122 3442 1194 3487 earn
1223 3422 1384 3489 admittat.
1430 3426 1479 3489 Iu-

362 3538 488 3605 uenalis
511 3544 620 3603 autem
643 3558 707 3602 non
731 3537 870 3622 amplius
894 3537 938 3601 24
953 3556 1065 3602 uersus
1089 3557 1161 3601 eam
1180 3537 1346 3622 praebent,
1371 3558 1480 3621 quam-

362 3673 459 3737 quam
482 3653 546 3717 232
570 3671 723 3717 caesuras
745 3652 824 3715 XlII
846 3650 998 3716 admittit.
1033 3651 1146 3733 ltaque
1169 3650 1230 3715 hoo
1248 3650 1344 3715 modo
1368 3672 1480 3717 accen-

437 3849 457 3920 ¹)
476 3849 543 3902 Tria
562 3848 634 3902 enim
654 3852 721 3903 sunt
739 3864 845 3916 genera
862 3847 947 3901 huius
967 3863 1109 3902 caesurae.
1143 3848 1248 3901 Partim
1268 3847 1478 3917 congruentiam

364 3944 531 3994 accentuum
547 3942 670 4005 seruant,
689 3934 767 4006 'quod
785 3935 818 3989 fit
831 3942 881 3990 aut
894 3952 938 4004 eo,
951 3937 1026 4005 quod
1042 3936 1121 3991 elisio
1137 3937 1183 3991 uel
1199 3936 1372 4006 synaloephe
1389 3937 1480 3990 locum

363 4028 451 4083 babet
488 4027 547 4097 (ut:
582 4027 637 4080 Nil
676 4026 765 4081 satis
797 4031 864 4095 est,
897 4026 1029 4095 inquit,
1060 4026 1143 4095 quia
1170 4026 1277 4090 tanti,
1312 4030 1480 4094 quantum

364 4116 516 4185 habeas,
535 4116 564 4171 si
577 4115 602 4186 s)
622 4120 671 4169 aut
690 4131 734 4184 eo,
754 4115 831 4184 quod
850 4114 1075 4185 monosyllabum
1099 4119 1165 4169 ante
1188 4130 1334 4169 caesuram
1357 4114 1481 4183 positum

365 4211 411 4262 est
436 4206 497 4276 (utt
530 4204 694 4259 Fufidius
725 4220 867 4273 vappae
901 4203 1025 4258 famam
1058 4204 1161 4259 timot
1195 4220 1233 4258 ac
1266 4201 1480 4273 nebulonis),

364 4295 476 4364 partlm,
495 4310 557 4347 curn
576 4293 786 4364 polysyllabum
806 4294 958 4361 antecedit,
978 4294 1190 4362 congruentiam
1210 4294 1307 4347 delent
1331 4293 1386 4363 (ut:
1406 4292 1480 4347 Non

365 4400 429 4453 ego
449 4398 593 4452 namque
609 4382 803 4452 parabilem
819 4398 893 4436 amo
910 4397 1074 4437 venerem
1090 4381 1328 4453 facilemque)
1343 4398 1370 4437 v.
1384 4380 1480 4437 Koclns

364 4474 382 4529 l.
401 4472 420 4527 l.
