3642 5125
790 527 1015 598 ..14-

342 715 488 782 lambioa
502 715 662 781 uocabula
680 715 715 780 in
733 715 827 798 graui
846 715 974 800 syllaba
992 713 1080 803 (nam
1100 717 1229 782 omnino
1247 717 1353 783 nullus
1366 721 1462 802 pocta

341 830 477 895 Latinus
511 830 544 894 in
578 830 670 896 breui
704 830 879 895 iambicum
915 831 1002 896 elisit
1034 830 1226 896 uocabulum
1240 829 1264 917 ¹)
1294 825 1461 915 permultis

340 942 447 1027 poetis
469 943 597 1009 Latinis
619 964 685 1008 non
708 944 913 1030 elidentibus,
937 945 1101 1011 quenalis
1124 946 1162 1029 V,
1189 946 1252 1011 173
1276 943 1366 1030 pati
1394 943 1460 1008 hle
1561 971 1564 975 ·

342 1054 397 1138 VI,
420 1054 484 1119 327
509 1075 646 1122 morae
669 1056 889 1142 impatiens
914 1056 1035 1124 scribit.
1073 1057 1213 1135 Quorum
1237 1059 1381 1122 locorum
1404 1075 1460 1121 nu-

341 1187 430 1233 mero
453 1174 520 1234 tom
543 1187 645 1253 paruo
669 1171 882 1256 suspitionem
907 1191 1036 1238 mouere
1056 1173 1176 1257 nequit,
1201 1172 1287 1256 quod
1304 1171 1338 1236 in
1356 1177 1460 1256 poste-

340 1279 480 1345 rioribus
496 1281 608 1346 satiris
624 1281 784 1348 eiusmodi
802 1283 955 1350 elisiones
972 1305 1036 1349 non
1048 1285 1263 1350 inueniuntur.
1278 1323 1320 1331 —
1333 1283 1461 1350 Cretica

340 1391 501 1470 uocabula
524 1400 581 1457 aut
598 1392 683 1458 hunc
705 1394 739 1459 in
762 1395 879 1480 pedem
902 1396 1055 1462 exeuntia
1078 1396 1208 1461 omnino
1231 1415 1296 1460 non
1320 1395 1420 1460 elidit.

431 1505 524 1585 Quod
556 1509 671 1575 attinet
700 1508 743 1574 ud
773 1510 970 1595 prosodiam,
1001 1508 1165 1576 quenalis
1189 1529 1229 1574 ne
1252 1508 1305 1574 hio
1328 1507 1457 1590 quidem

340 1619 462 1685 maiore
487 1621 585 1686 utitur
606 1622 748 1706 licentia,
772 1623 820 1688 ita
842 1629 876 1687 ut
899 1623 1109 1705 neglegenter
1132 1642 1203 1687 eam
1223 1626 1380 1686 tractasse
1395 1619 1459 1684 dici

339 1732 458 1817 possit,
487 1740 520 1800 et
549 1733 611 1799 hac
641 1734 675 1799 in
703 1755 738 1800 re
769 1755 827 1821 per
851 1755 963 1802 omnes
986 1737 1065 1802 XVI
1089 1736 1208 1802 satiras
1233 1735 1295 1800 sibi
1319 1741 1456 1800 constat.

341 1841 430 1919 Quas
459 1864 531 1909 cum
558 1846 773 1931 perlegimus,
804 1854 880 1913 ante
903 1848 1013 1914 omnia
1037 1848 1214 1933 conspicua
1237 1855 1287 1914 est
1310 1868 1328 1912 o
1351 1847 1458 1914 finalis

339 1956 493 2043 breuitas,
519 1959 652 2041 quaein
671 1961 812 2026 omnium
830 1982 983 2044 generum
1003 1963 1171 2046 uocabula,
1188 1962 1329 2045 nomina,
1348 1959 1458 2044 uerba,

339 2068 516 2152 particulas
536 2091 595 2156 per
611 2071 724 2138 ultima
741 2071 864 2139 liberae
879 2073 1086 2159 reipublicae,
1111 2073 1216 2159 prima
1230 2073 1458 2159 imperatorum

339 2187 488 2266 tempora
515 2183 656 2269 irrepsit.
702 2186 811 2251 Pauca
839 2192 963 2250 tantum
986 2186 1104 2269 longae
1128 2207 1146 2252 o
1169 2185 1276 2254 finalis
1301 2183 1458 2272 (exceptis

340 2291 461 2359 datiuis
491 2301 525 2360 et
554 2296 722 2381 ablatiuis)
754 2297 903 2383 exempla
926 2299 1014 2383 apud
1036 2298 1223 2364 quenalem
1246 2297 1457 2383 reperiuntur.

341 2406 396 2473 Sic
425 2408 567 2474 omnium
591 2409 866 2474 substantiuorum
891 2410 926 2475 in
950 2431 968 2476 o
992 2410 1208 2478 desinentium
1231 2429 1296 2475 non
1319 2409 1457 2495 amplius

343 2527 408 2588 tres
433 2522 570 2606 singuIIs
585 2521 667 2590 locis
684 2543 702 2589 ο
720 2523 916 2609 producunt:
939 2544 1051 2591 nemo
1070 2523 1158 2609 XIV,
1183 2523 1257 2589 207.
1276 2529 1309 2591 et
1326 2541 1458 2607 sequen·

341 2636 429 2701 tibus
447 2636 573 2704 duabus
591 2640 743 2705 consonis
761 2640 873 2704 ratio
896 2640 968 2724 VII,
991 2641 1017 2724 I,
1042 2658 1175 2724 caupo
1193 2639 1251 2722 IX,
1277 2638 1353 2704 108.
1385 2636 1458 2703 Om-

340 2750 417 2815 nino
447 2771 611 2833 nunquam
635 2751 777 2837 (praeter
800 2752 967 2816 occulta
992 2751 1128 2836 spolia
1150 2751 1238 2835 VIII,
1264 2751 1341 2836 107)
1364 2751 1456 2814 que·

340 2861 423 2926 nolis
454 2862 598 2929 ultimam
622 2863 768 2930 uocalem
792 2862 924 2929 breuem
947 2862 1096 2947 producit
1120 2868 1275 2945 sequente
1298 2862 1457 2928 uocabulo

341 2973 466 3041 duabus
509 2975 661 3053 consonis
700 2974 897 3059 incipiente,
945 2974 1010 3039 nisi
1047 2974 1145 3039 etiam
1184 2974 1254 3039 sine
1295 2974 1456 3059 positione

339 3086 475 3172 produci
492 3093 622 3173 'potest
669 3088 767 3152 'Pales
796 3086 1025 3172 productiones
1056 3108 1075 3152 o
1103 3087 1210 3152 finalis
1237 3095 1367 3172 practer
1390 3088 1456 3155 lan-

340 3200 435 3265 datas
464 3206 530 3265 tres
553 3197 680 3264 inueni:
709 3200 734 3283 I,
761 3199 824 3264 108
848 3198 1049 3283 possideo
1072 3199 1166 3283 plus
1189 3199 1245 3282 VI,
1269 3200 1332 3265 371
1358 3219 1455 3282 ergo

340 3319 539 3397 spectatos
553 3313 694 3397 ulmae
712 3332 886 3395 agnosco
906 3332 1119 3397 procerem.
1132 3314 1363 3379 —Verborum
1375 3312 1456 3378 haec

339 3424 451 3489 decem
475 3444 494 3489 o
516 3424 613 3490 finale
635 3425 768 3508 longum
791 3425 879 3509 apud
901 3426 963 3489 Iun
986 3431 1133 3490 seruant:
1156 3425 1305 3508 ignoro
1328 3425 1386 3509 III,
1395 3422 1452 3491 43.

339 3536 457 3602 iubeo
481 3537 535 3621 VI,
557 3538 641 3602 223.Ι
669 3537 792 3603 uideo
823 3537 898 3602 395.
928 3538 1020 3621 XIII,
1041 3538 1113 3602 118.
1138 3558 1274 3603 moneo
1298 3538 1352 3602 VI.
1379 3536 1453 3602 629.

339 3648 464 3713 timeo
487 3649 529 3734 X,
550 3649 602 3715 84.
636 3668 757 3714 cauco
779 3650 838 3734 XI,
858 3651 931 3715 130.
963 3656 1078 3715 taceo
1102 3650 1194 3734 XIII,
1215 3651 1287 3715 127.
1311 3656 1454 3735 repeto

337 3761 396 3845 IX,
416 3762 469 3826 22.
492 3780 645 3843 nequeo
668 3762 726 3847 III,
747 3761 800 3826 42.
825 3762 896 3845 VH,
916 3760 969 3826 56.
993 3782 1059 3827 ero
1082 3761 1140 3845 IX,
1163 3762 1236 3827 147.
1262 3800 1305 3809 -
1333 3761 1453 3826 Aduer-

337 3871 473 3957 biorum,
504 3892 588 3955 quae
615 3872 649 3937 in
680 3893 698 3938 o
728 3873 911 3939 desinentia
940 3873 1104 3938 quenalis
1131 3880 1275 3958 usurpat,
1318 3870 1455 3937 dimidia

338 3983 405 4050 fere
428 4005 505 4069 pars
532 3984 678 4050 nltimam
707 3985 872 4069 producit:
906 3985 1075 4070 merito,
1105 3985 1315 4069 continuo,
1344 3985 1453 4070 adeo,

338 4096 432 4162 ideo
456 4117 582 4183 semper
605 4117 664 4181 per
686 4116 797 4163 omnes
820 4097 949 4181 satiras,
973 4116 1080 4181 ergo,
1105 4097 1197 4163 cuius
1222 4118 1240 4161 0
1261 4098 1454 4183 saepissime

338 4207 448 4274 breuis
476 4216 535 4294 est,
573 4209 633 4293 III,
651 4209 726 4273 281.
757 4210 816 4294 ΙΧ,
834 4210 886 4275 82.
940 4209 1038 4275 Hisce
1073 4209 1251 4292 adiungere
1281 4228 1454 4293 possumus

413 4457 434 4527 ¹)
454 4473 480 4510 u.
499 4458 567 4511 Luc.
587 4458 711 4527 Mueller,
730 4459 748 4513 l.
767 4459 784 4512 l.
804 4474 831 4526 p.
852 4459 913 4513 284.
