3642 5125
797 525 1019 590 „45-

351 711 546 777 Praesertim
577 711 776 778 Graecorum
814 711 992 794 nequitiam
1021 717 1150 796 praeter
1182 709 1471 778 luculentissimam

350 830 410 888 sat.
434 824 484 888 III
506 823 759 909 descriptionem
787 825 910 910 passim
939 824 1142 909 persequitur
1165 823 1233 909 (VI,
1256 825 1307 889 16.
1331 825 1372 889 Χ.
1396 824 1469 889 174.

349 935 436 1020 XIV,
449 936 529 1022 240)
553 943 585 1001 51
609 937 779 1002 occasione
803 935 881 1002 data
903 956 1057 1020 maguum
1080 936 1114 1000 in
1134 955 1190 1002 eos
1208 935 1316 1001 odium
1335 957 1415 1021 prae
1434 955 1470 1002 se

348 1044 419 1111 sert.
443 1046 512 1133 (VI,
528 1048 592 1113 185
610 1068 653 1114 55.
670 1049 758 1132 VIII,
772 1049 846 1113 226.
870 1048 929 1132 ΧΙ,
945 1049 1017 1112 100.
1041 1048 1128 1132 XIV,
1142 1047 1209 1134 89).
1234 1049 1316 1113 Tum
1328 1049 1468 1116 Iudaeos

348 1177 522 1240 eorumque
544 1179 650 1225 mores
674 1168 707 1226 51
729 1159 929 1245 religionem,
953 1167 987 1224 ut
1011 1179 1121 1225 omnes
1145 1162 1318 1245 Romanos,
1348 1161 1395 1226 ita
1416 1161 1467 1226 Iu-

347 1271 493 1336 uenalem
517 1291 644 1355 quoque
664 1273 809 1339 deridere
828 1280 860 1338 et
879 1273 1046 1360 despicere
1063 1273 1096 1337 hi
1116 1273 1179 1338 loci
1197 1274 1386 1339 ostendunt:
1410 1275 1469 1358 III,

350 1387 389 1450 17
411 1407 454 1452 ss.
477 1388 532 1471 VI,
553 1388 616 1452 159
636 1406 662 1452 5.
686 1387 751 1451 542
774 1406 818 1451 55.
842 1386 930 1469 XIV,
947 1387 990 1450 96
1014 1405 1056 1450 ss.
1104 1385 1243 1450 Omnino
1266 1392 1374 1451 antem
1397 1405 1468 1471 pcr-

348 1499 480 1581 egrinae
503 1501 678 1584 religiones
701 1507 734 1566 et
757 1501 1005 1586 superstitiones
1029 1501 1062 1564 in
1087 1500 1162 1566 odio
1186 1507 1261 1565 sunt
1278 1499 1365 1584 apud
1385 1519 1467 1565 eum.

347 1615 418 1679 Non
449 1615 552 1679 solum
581 1613 667 1679 enim
698 1633 755 1698 per
785 1632 821 1678 se
849 1619 925 1677 sunt
954 1609 1072 1697 turpes
1094 1619 1126 1678 ct
1154 1612 1291 1677 insanae
1315 1610 1400 1698 (XV,
1423 1611 1467 1676 iu.

346 1727 434 1811 XIV,
447 1727 490 1791 96
515 1746 558 1792 55.
582 1727 637 1810 VI,
658 1726 730 1790 159.
759 1725 835 1790 489.
863 1725 938 1789 522.
959 1724 1048 1810 534),
1079 1724 1137 1789 sed
1168 1723 1265 1790 etiam
1288 1726 1468 1789 Romanam

346 1838 535 1920 religionem
565 1836 671 1903 foedis
701 1837 819 1902 ritibus
851 1836 1030 1902 infecerunt
1059 1836 1114 1923 (II,
1134 1837 1176 1902 83
1195 1856 1238 1901 ss.
1262 1837 1318 1921 VI,
1339 1836 1405 1900 314
1423 1855 1467 1900 ss.

347 1952 495 2033 51155.)
522 1991 566 1999 —-
600 1951 669 2037 Ipsi
698 1951 835 2016 Romani
866 1951 1083 2017 subiectorum
1112 1949 1303 2035 populorum
1333 1948 1467 2032 diuitiis,

346 2065 499 2149 moribus,
524 2066 808 2151 superstitionibus
832 2086 890 2150 per
911 2065 1012 2147 longa
1030 2064 1122 2149 pacis
1139 2083 1299 2148 opumque
1322 2068 1468 2148 tempora

346 2180 480 2243 Romam
503 2179 652 2261 migratis
675 2179 757 2245 adeo
781 2179 923 2263 corrupti
954 2185 986 2244 et
1016 2177 1187 2263 deprauati
1217 2183 1306 2261 sunt,
1342 2183 1467 2241 utnon

346 2291 450 2354 solum
474 2291 600 2355 illorum
623 2311 730 2356 mores
757 2290 902 2376 perditos
932 2297 1085 2374 aequent,
1121 2289 1301 2354 sedetiam
1326 2287 1467 2352 omnium

347 2421 499 2483 generum
525 2402 614 2467 uitiis
636 2403 670 2468 in
694 2402 828 2485 fastigio
848 2402 1010 2468 stantibus
1030 2401 1204 2496 magistros
1227 2401 1292 2465 iam
1316 2409 1469 2485 superent

345 2501 383 2598 (ι,
402 2515 442 2580 cr
464 2535 507 2581 ss.
541 2517 602 2581 ιιι
625 2537 667 2583 ss.
696 2518 739 2603 n,
758 2517 821 2582 162
839 2535 881 2583 ss.
916 2517 975 2581 ιιι.
1000 2516 1055 2599 ιιι,
1086 2513 1233 2599 saepius,
1256 2513 1315 2598 ιιι,
1338 2513 1465 2580 1aoss.

344 2628 402 2708 XI,
422 2630 475 2693 55.
506 2630 583 2713 XII,
601 2632 654 2695 48.
679 2632 844 2716 1111528.
875 2632 947 2715 XV,
966 2631 1008 2696 59
1035 2650 1077 2695 ss.
1098 2631 1184 2715 etc).
1229 2628 1313 2692 Huic
1343 2646 1467 2691 morum

345 2740 581 2827 deprauationi,
605 2764 688 2825 quae
711 2743 776 2808 iam
798 2763 909 2809 omnes
932 2742 999 2809 fere
1022 2742 1170 2807 homiues
1194 2738 1359 2825 corripuit,
1383 2758 1466 2803 com-

345 2859 441 2935 parat
470 2853 650 2936 priscorum
686 2861 866 2939 temporum
903 2862 936 2920 et
967 2856 1184 2919 Romanorum
1213 2858 1245 2917 et
1273 2850 1468 2934 reliquorum

344 2964 508 3031 homiuum
531 2966 749 3049 integritatem
774 2973 807 3032 et
829 2966 1070 3050 simplicitatem
1094 2966 1149 3054 (II,
1170 2966 1222 3029 72.
1245 2964 1317 3029 103.
1341 2962 1403 3027 153
1424 2980 1466 3027 ss.

344 3078 403 3160 III,
418 3078 470 3142 67.
493 3079 553 3144 137
574 3098 616 3143 ss.
645 3080 718 3144 163.
739 3080 804 3143 312
823 3099 865 3167 ss.
889 3079 945 3162 IV,
961 3079 1034 3143 103.
1058 3079 1096 3163 V,
1110 3078 1162 3143 57.
1189 3078 1262 3143 110.
1281 3078 1336 3163 VI,
1360 3077 1394 3142 in
1412 3077 1466 3142 45.

347 3188 421 3252 164.
439 3189 514 3255 287.
536 3191 610 3256 346.
640 3192 711 3275 VII,
732 3193 794 3256 207
816 3212 859 3255 ss.
889 3192 977 3275 VIII,
1001 3190 1044 3255 in.
1070 3191 1121 3255 98.
1151 3191 1210 3275 XI,
1231 3191 1271 3254 77
1292 3208 1334 3256 ss.
1366 3191 1408 3273 Χ,
1422 3188 1465 3255 35

345 3321 388 3367 ss.
414 3303 514 3368 7855.
538 3303 630 3388 XIII,
644 3304 696 3368 38.
716 3324 758 3369 55.
782 3304 870 3387 XIV,
886 3305 936 3367 12.
958 3303 1030 3367 160.
1051 3303 1115 3367 180
1131 3322 1174 3368 ss.
1199 3303 1263 3367 239
1282 3301 1350 3388 ss).
1376 3302 1467 3379 Quae

347 3434 418 3478 cum
449 3408 609 3497 nusquam
639 3415 704 3480 nisi
732 3415 798 3479 ruri
828 3414 1064 3496 quodammodo
1089 3422 1238 3482 seruatae
1263 3416 1338 3501 sint,
1370 3416 1467 3481 huius

346 3535 396 3593 est
418 3526 671 3612 amantissimus,
694 3526 770 3609 hoc,
800 3526 1062 3610 quotiescumque
1087 3548 1121 3593 se
1145 3528 1201 3593 dat
1225 3528 1369 3611 occasio,
1400 3528 1466 3591 lau-

346 3639 442 3705 dibus
455 3641 555 3706 effert.
582 3640 654 3725 (111,
671 3642 702 3705 2.
716 3641 768 3706 85.
788 3642 861 3705 169.
884 3642 957 3705 190.
977 3642 1041 3705 223
1056 3662 1099 3707 ss.
1119 3642 1175 3726 VI,
1188 3640 1241 3706 55.
1264 3641 1324 3726 ΧΙ,
1339 3640 1402 3705 149
1422 3659 1466 3705 ss.

345 3754 387 3838 X,
401 3753 476 3818 299.
500 3753 587 3837 XIV,
603 3754 801 3840 166-171.)
836 3754 878 3817 Ε1
899 3752 994 3818 huius
1019 3753 1208 3838 simplicitas
1225 3751 1467 3833 amoenitasque

346 3870 378 3929 51
406 3863 563 3929 maiorum
592 3865 694 3931 uirtus
726 3864 854 3930 unicum
878 3871 952 3929 suut
976 3864 1141 3948 solacium,
1177 3864 1272 3930 unica
1294 3865 1359 3949 lux,
1383 3883 1466 3945 quae

346 3977 566 4063 desperationi
587 3977 762 4061 quenalis,
794 3976 856 4061 oui,
887 3975 1062 4063 ,nobilitas
1086 3977 1156 4041 sola
1179 3984 1228 4043 est
1251 3983 1347 4058 atque
1370 3974 1467 4039 unica

347 4088 469 4155 515155α
503 4089 605 4178 (VIII,
624 4089 692 4176 20),
722 4088 774 4153 cui
804 4088 873 4153 uita
904 4088 974 4153 sine
1003 4088 1122 4153 uirtute
1150 4088 1269 4153 nullius
1298 4094 1347 4153 est
1370 4086 1466 4171 pretii

347 4204 450 4293 (VIII,
471 4202 523 4287 84,
544 4202 575 4267 5.
597 4203 640 4287 X,
657 4202 720 4267 357
740 4200 809 4287 ss),
833 4201 965 4284 affulget
987 4201 1071 4267 iuter
1093 4201 1285 4267 immensam
1309 4200 1464 4267 scelerum

347 4315 423 4399 uim,
446 4335 487 4380 ex
509 4334 574 4397 qua
596 4333 775 4379 emersuros
798 4334 864 4379 nou
883 4333 956 4379 esse
975 4313 1123 4379 homines
1140 4332 1329 4398 persuasum
1352 4312 1383 4378 ei
1406 4320 1465 4379 est.
