3642 5125
810 570 855 578 -
900 531 944 596 34
976 489 1034 578 ’-

367 713 460 781 ans.
489 715 546 801 39,
577 713 633 781 ubi
659 715 810 799 legimus:
841 714 1048 804 ,Pyrricham
1077 715 1276 782 saltauerunt
1303 715 1402 782 Asiae
1428 716 1480 781 Bi·

362 825 559 911 thyniaeque
581 828 764 914 principum
787 826 912 894 111111ἰὲι

404 965 466 1034 VII,
484 965 535 1020 51:
572 965 750 1021 consuetudo
769 965 843 1034 mali,
862 968 944 1019 tonet
961 963 1116 1020 insanabile
1137 965 1241 1020 multos

364 1084 722 1151 (1.11111111111111
746 1105 872 1170 causas,
896 1086 1014 1168 quibus
1037 1085 1118 1151 nihil
1141 1085 1228 1170 addi,
1253 1085 1335 1150 nihil
1359 1083 1480 1169 opponi

361 1204 483 1283 potest,
515 1197 619 1264 eiicit:
654 1197 817 1263 quenalis
849 1206 1021 1283 postquam
1051 1217 1108 1282 per
1143 1197 1333 1263 discedas
1369 1216 1479 1260 omnes

360 1316 474 1396 poetas
497 1310 656 1376 allocutus
674 1317 745 1395 est,
771 1310 948 1375 orationem
972 1311 1019 1375 ita
1041 1311 1153 1392 nequit
1175 1309 1355 1393 debilitare,
1380 1316 1414 1372 ut
1437 1308 1478 1372 ab

362 1423 511 1488 omnibus
533 1422 663 1488 recedat
682 1422 724 1487 ad
741 1423 868 1488 multos.
905 1425 1006 1488 Totus
1023 1429 1130 1488 antem
1150 1441 1263 1486 uersus
1282 1422 1478 1506 compositus

363 1543 413 1602 est
447 1557 487 1602 ex
521 1537 641 1622 triplici
675 1536 941 1622 interpretatione
975 1535 1125 1600 uocabuli
1149 1535 1390 1616 cacoethes,
1416 1555 1478 1616 quo

360 1650 480 1715 medici
509 1651 607 1736 (Cels.
636 1652 674 1735 V,
703 1651 755 1736 28,
771 1645 810 1715 ’2.
842 1651 925 1715 Plin.
949 1651 1064 1715 XXIII
1087 1651 1139 1714 95.
1164 1651 1284 1732 XXIV,
1309 1650 1342 1734 7)
1371 1651 1479 1714 ulcera

360 1763 557 1830 insanabilia
585 1764 769 1848 significare
799 1765 912 1830 solent.
959 1765 1100 1829 Primum
1130 1765 1216 1836 enim
1239 1785 1296 1848 per
1321 1781 1476 1828 consue-

362 1877 454 1941 tudo
477 1877 568 1942 mali
597 1877 840 1942 accuratissime
868 1878 902 1942 in
926 1877 1078 1942 Latinum
1102 1876 1306 1961 conuertitur,
1330 1883 1396 1940 tum
1411 1897 1478 1959 per

359 1989 584 2056 insanabile
608 1996 639 2055 et
662 1996 769 2055 tenet
790 1990 935 2055 multos
959 1989 1146 2073 explicatur.
1171 2003 1174 2010 '

376 2127 449 2195 VlII,
467 2127 538 2180 4-8
571 2131 601 2180 et
619 2125 720 2186 Ourios
737 2126 793 2179 iam
811 2126 941 2180 dimidios
961 2141 1132 2194 umerosque
1152 2126 1286 2180 minorem

575 2221 726 2277 Coruinum
746 2225 775 2276 ct
795 2220 911 2275 Galbam
931 2219 1212 2289 aurIculis‘nasoque
1233 2220 1394 2275 carentem?

574 2316 638 2386 quis
657 2314 767 2372 fructus
786 2316 899 2385 generis
919 2315 1016 2370 tabula
1034 2316 1138 2370 iactare
1160 2316 1255 2384 capaci

574 2411 734 2480 Coruinum,
752 2409 872 2479 posthac
889 2411 977 2464 multa
995 2411 1158 2479 contingere
1178 2410 1259 2480 uirga

573 2505 702 2563 fumosos
722 2506 848 2576 equitum
867 2522 930 2561 cum
950 2505 1086 2559 dictatore
1105 2506 1266 2576 magistros,
1344 2546 1348 2555 .

361 2671 433 2731 cum
455 2649 550 2715 Ribb.
579 2655 614 2714 ut
641 2649 768 2734 spurios
792 2648 914 2733 eiiciat,
945 2648 1165 2734 difficultates,
1197 2669 1278 2731 quas
1306 2651 1471 2736 praebent,

360 2763 475 2829 euitat.
488 2762 594 2844 magis
621 2783 718 2846 quam
745 2762 839 2827 tollit.
885 2762 1134 2847 Verbositatem,
1165 2784 1247 2846 quac
1271 2763 1318 2829 eis
1341 2763 1475 2829 retentis

360 2874 517 2959 exoritur,
544 2874 642 2959 plane
674 2894 714 2939 ex
737 2874 901 2939 quenalis
929 2874 1037 2940 indole
1061 2894 1142 2959 esse,
1168 2875 1316 2940 omnihus
1339 2874 1396 2960 eis,
1421 2874 1476 2957 qui

359 2987 468 3072 paullo
485 2986 668 3051 accuratius
685 2985 802 3051 satiras
820 2986 890 3051 eius
906 2986 1112 3072 perlegerint,
1132 2987 1302 3053 constabit.
1336 2988 1476 3053 Paruam

360 3099 525 3165 nominum
542 3099 657 3164 seriem
675 3098 805 3183 saepius
822 3098 917 3164 nobis
935 3120 1109 3184 occurrere,
1127 3100 1193 3165 iam
1210 3120 1307 3185 supra
1324 3099 1474 3165 uidimus.

359 3214 474 3279 Restat
492 3212 592 3297 igitur
612 3233 652 3278 ea
667 3212 830 3297 quaestio,
854 3233 931 3276 num
955 3214 1019 3278 alio
1043 3215 1139 3279 modo
1164 3234 1347 3279 succurrere
1370 3213 1474 3298 possi-

359 3346 432 3391 mus
453 3326 530 3392 huic
551 3326 640 3412 loco,
679 3345 774 3409 quem
805 3332 988 3411 corruptum
1021 3346 1110 3411 esse,
1147 3347 1258 3392 omnes
1290 3326 1344 3408 qui
1373 3326 1413 3391 de
1437 3346 1475 3391 eo

361 3437 608 3523 disputauerunt
630 3438 700 3503 uiri
717 3437 803 3503 docti
827 3438 1040 3504 consentiunt.
1087 3438 1166 3504 Cum
1191 3440 1391 3522 Pinzgerum,
1421 3440 1475 3521 qui

360 3569 391 3614 1
415 3551 445 3615 7.
470 3571 540 3616 cum
565 3552 692 3618 duobus
715 3550 808 3617 codd.
833 3556 909 3617 ante
928 3572 957 3616 1.
977 3550 1008 3616 5.
1026 3550 1127 3636 ponit,
1151 3550 1256 3615 locum
1275 3570 1340 3615 non
1358 3571 1475 3619 sanare

360 3662 564 3730 Hermannus
588 3664 622 3729 in
644 3666 726 3731 Mus.
750 3664 852 3730 Rhen.
868 3666 924 3750 IV,
940 3665 1062 3731 41411.
1083 3664 1269 3749 ostenderit,
1294 3684 1324 3729 u.
1343 3664 1374 3730 5.
1394 3664 1424 3730 6.
1444 3664 1474 3729 7.

361 3783 468 3841 autem
499 3776 547 3841 ita
574 3776 681 3842 locum
710 3776 764 3842 hic
793 3777 914 3843 habere
937 3796 1002 3842 non
1025 3797 1123 3862 posse
1147 3783 1287 3863 constet,
1318 3785 1376 3845 aut
1398 3780 1475 3844 Her-

359 3888 471 3954 manni
493 3897 550 3955 aut
572 3891 752 3957 Heinrichii
774 3892 945 3975 Iahniique
973 3892 1123 3959 medendi
1146 3892 1303 3958 rationem
1327 3892 1475 3977 accipere

360 4004 445 4069 licet.
491 4004 533 4067 Et
563 4002 643 4067 mihi
673 3988 802 4086 quidem
833 4024 899 4069 non
938 4003 1071 4069 dubium
1112 4025 1184 4071 esse
1220 4004 1361 4090 uidetur,
1398 4004 1474 4087 quin

361 4136 425 4180 uno
459 4136 490 4181 u.
517 4116 548 4181 7.
575 4115 678 4181 eiecto
712 4116 840 4199 integra
872 4122 989 4201 poetae
1022 4118 1124 4183 uerba
1156 4118 1303 4183 reuocari
1337 4117 1472 4203 possint.

360 4228 455 4294 Hunc
476 4248 605 4295 uersum
629 4252 650 4296 a
671 4230 826 4296 quenale
847 4250 913 4295 non
941 4251 1013 4297 esse
1039 4230 1218 4317 profectum
1248 4238 1473 4317 praeterquam

361 4341 448 4425 quod
471 4342 564 4408 codd.
588 4342 782 4409 deteriorum
806 4364 909 4427 genus
934 4366 1006 4411 eum
1029 4366 1094 4411 non
1117 4346 1268 4432 praebet,
1292 4346 1396 4431 ipsius
1418 4345 1474 4411 ha·
1503 4406 1505 4409 .

362 4455 448 4521 bitus
466 4456 676 4522 demonstrat.
714 4458 816 4523 Vnum
841 4458 1014 4525 Cominum
1039 4459 1150 4525 exeis
1174 4479 1257 4543 quae
1280 4461 1475 4527 antecedunt
