3642 5125
790 538 1010 602 ..37-

346 745 475 790 mouere
493 725 613 808 nequit,
637 723 757 808 quippe
774 721 830 804 qui
847 720 979 806 saepius
997 740 1069 784 cum
1087 717 1120 783 ui
1138 717 1278 802 quadam
1299 716 1458 782 uocabula

345 836 396 902 bis
420 843 529 922 ponat.
576 835 709 900 Minime
732 840 840 900 autem
862 832 1045 898 mirandum
1069 837 1162 916 puto,
1186 829 1273 916 quod
1292 849 1322 896 u.
1340 830 1415 913 202,
1437 829 1458 894 3

345 970 553 1031 magnacum
571 950 604 1014 ui
620 948 833 1033 proferuntur.
868 946 904 1012 Si
925 947 1009 1012 euim
1027 944 1201 1012 Paldamus
1225 943 1313 1028 dicit,
1336 950 1458 1030 patere,

347 1060 527 1126 Gracchum
550 1060 623 1125 illos
646 1060 778 1125 habitus
801 1059 891 1143 ipsos
915 1051 980 1124 non
998 1057 1210 1142 uituperasse,
1235 1055 1294 1122 sed
1312 1055 1375 1122 sibi
1393 1076 1458 1120 non

346 1193 428 1257 opus
454 1193 527 1238 esse
555 1179 646 1238 ueste
676 1178 800 1238 mutata
829 1178 979 1256 putasse,
1013 1191 1077 1236 non
1112 1169 1236 1236 minore
1270 1170 1339 1236 iure
1373 1169 1459 1254 dico,

347 1283 484 1349 Gracchi
506 1285 593 1350 illius
618 1285 789 1350 audaciam
813 1290 845 1350 et
867 1282 1104 1369 impudicitiam
1134 1287 1243 1346 tantas
1273 1280 1392 1367 fuisse,
1424 1288 1460 1348 ut

346 1399 427 1462 tales
450 1397 581 1462 habitus
604 1417 668 1462 non
686 1396 796 1491 ,solum
819 1415 1080 1480 superuacaneos
1103 1393 1255 1478 heberet,
1279 1394 1338 1460 sed
1361 1395 1458 1462 etiam

346 1510 514 1576 damnaret
537 1515 569 1575 et
593 1509 725 1576 odisset.
761 1509 903 1576 Priorem
928 1529 958 1574 u.
982 1510 1047 1574 202
1070 1514 1195 1594 partem
1225 1509 1396 1574 damnat
1415 1546 1459 1554 -

346 1622 521 1687 habitus
550 1623 592 1687 ab
623 1623 695 1708 ipso
725 1623 872 1688 quenali
900 1623 1046 1688 additam
1076 1641 1164 1707 esse,
1193 1622 1351 1688 innumeri
1375 1621 1458 1690 eius·

346 1733 433 1797 modi
449 1734 512 1798 loci
529 1733 583 1821 (de
600 1734 717 1816 quibus
741 1755 839 1820 supra
862 1734 1075 1823 disputatum)
1104 1735 1286 1805 ostendunt.
1332 1737 1380 1801 Ne
1403 1754 1458 1804 au-

346 1854 409 1912 tem
433 1868 504 1912 cum
528 1847 712 1912 Hermanno
736 1853 768 1912 et
790 1847 972 1914 Ribbeckio
995 1848 1157 1931 legamus:

507 1957 621 2012 damnat
638 1958 711 2036 enirn
729 1959 802 2014 tales
821 1959 944 2014 habitus.
963 1964 1060 2015 mouet
1078 1975 1143 2016 ecce
1161 1959 1313 2016 tridentem

346 2092 384 2136 eo
408 2071 633 2157 prohibemur,
664 2071 750 2154 quod
781 2072 815 2136 id
842 2072 950 2157 ipsum
974 2073 1203 2155 grauissimum
1227 2079 1291 2158 est,
1322 2093 1395 2140 eum
1417 2093 1459 2138 ne

346 2183 440 2265 galea
463 2183 592 2266 quidem
614 2183 731 2249 faciem
754 2185 981 2270 abscondisse,
1005 2205 1109 2280 neque
1133 2185 1254 2271 opponi
1276 2192 1400 2271 potest,
1424 2186 1459 2252 id

346 2295 411 2360 iam
434 2296 481 2361 eis
505 2317 587 2378 quae
611 2305 762 2363 secuntur
785 2299 960 2384 contineri,
984 2299 1040 2365 ubi
1063 2299 1169 2364 nudus
1192 2299 1299 2366 uoltus
1323 2319 1459 2367 comme-

346 2417 497 2476 moratur.
544 2413 626 2477 Nam
657 2407 770 2477 totius‘
786 2412 850 2478 loci
876 2413 1059 2480 uerbositas
1089 2412 1170 2478 talia
1193 2411 1364 2480 offensioni
1386 2431 1459 2478 esse

348 2529 446 2589 uetat.

436 2636 502 2701 Sed
526 2636 638 2721 uideo,
662 2659 713 2704 me
736 2638 834 2705 nimis
857 2639 913 2705 diu
936 2639 970 2704 in
994 2639 1131 2722 singulis
1154 2639 1250 2724 loeis,
1280 2658 1361 2721 quos
1383 2638 1458 2705 Rib-

349 2749 484 2814 beohius
508 2750 559 2814 uel
582 2750 652 2815 eius
676 2757 768 2815 uetus
799 2751 964 2836 exemplar
987 2750 1158 2817 satirarum
1181 2750 1328 2817 quenali
1351 2750 1459 2817 abstu-

348 2859 402 2945 lit,
425 2868 541 2946 poetae
564 2862 773 2929 restituendis
796 2862 915 2927 morari
938 2863 1066 2944 iamque
1089 2863 1184 2945 quasi
1206 2862 1360 2931 infectum
1384 2863 1459 2929 scri-

350 2976 448 3042 bendi
472 2974 542 3041 eius
565 2993 683 3056 genere
705 2973 740 3038 in
770 2974 1005 3057 digressionem
1035 2974 1207 3060 incidisse,
1243 2974 1334 3043 cuius
1363 2976 1460 3042 finem

266 3163 270 3168 ¹
347 3109 412 3153 non
435 3087 606 3173 perspicio.
646 3088 741 3154 ¹Satis
769 3089 849 3153 mihi
879 3096 930 3155 est
957 3090 1155 3175 ostendisse,
1186 3110 1249 3174 quo
1272 3091 1341 3155 iure
1365 3088 1459 3158 Ribb.

347 3209 472 3268 tantum
487 3220 638 3267 uersuum
654 3222 821 3268 numerum
837 3204 984 3271 quenali
1006 3204 1224 3287 abrogauerit.
1259 3206 1371 3287 Neque
1394 3204 1461 3273 ulia

348 3317 430 3382 ratio
455 3324 504 3383 est
527 3336 636 3382 eorum
659 3334 823 3401 uersuum,
848 3315 889 3381 de
913 3316 1030 3399 quibus
1053 3316 1134 3383 nihil
1151 3316 1333 3402 disputaui,
1357 3317 1404 3383 itu
1425 3324 1461 3386 ut

348 3429 428 3495 mihi
446 3430 576 3513 quidem
593 3436 727 3515 constet,
751 3450 792 3495 ne
815 3449 913 3506 unum
937 3430 1067 3513 quidem
1089 3450 1218 3497 uersum
1236 3450 1356 3515 eorum,
1380 3450 1461 3513 quos

349 3543 471 3628 primus
490 3543 585 3609 Ribb.
606 3542 742 3628 deleuit,
766 3544 911 3629 spurium
935 3563 1016 3609 esse.
1052 3544 1260 3611 Retineamus
1282 3544 1382 3627 igitur
1405 3564 1462 3611 eos

349 3656 589 3740 intellegentes,
613 3655 642 3720 si
665 3662 700 3720 ut
723 3655 825 3741 spurii
844 3655 1031 3741 eiioiuntur,
1054 3656 1263 3723 nihilominus
1281 3656 1461 3725 similitudi-

348 3790 439 3854 nem,
469 3789 553 3853 quae
583 3768 756 3835 intercedit
784 3768 869 3835 inter
897 3768 1022 3855 priores
1054 3752 1172 3836 satiras
1203 3776 1234 3837 et
1256 3768 1461 3855 posteriores,

348 3882 455 3947 minus
478 3882 548 3947 tolli
570 3902 666 3967 quam
689 3883 801 3950 minui.

437 4000 488 4063 De
505 4018 569 4081 qua
586 3993 672 4081 quod
692 3997 807 4064 attinet
830 3998 873 4063 ad
894 3996 1024 4063 dicendi
1044 4015 1157 4081 genus,
1181 3994 1239 4081 eis,
1263 4014 1346 4077 quoe
1365 4015 1463 4082 supra

349 4110 418 4175 dixi
442 4110 483 4176 de
507 4111 658 4176 uniuerso
682 4109 748 4175 stili
771 4130 904 4196 genere,
928 4130 1035 4196 pauca
1058 4115 1182 4175 tantum
1206 4108 1359 4175 addenda
1388 4113 1463 4173 tunt

350 4222 391 4289 de
413 4222 673 4289 inusitatioribus
696 4222 889 4304 quibusdam
921 4222 1091 4289 uerborum
1122 4227 1155 4287 et
1178 4220 1400 4303 eligendorum
1431 4226 1464 4287 et

350 4334 645 4419 coniungendorum
678 4334 873 4419 rationibus,
907 4353 990 4416 quae
1026 4338 1061 4399 ut
1088 4332 1122 4398 in
1152 4332 1324 4419 prioribus,
1354 4333 1401 4399 itu
1428 4332 1462 4397 in

349 4447 583 4535 posterioribus
606 4465 732 4533 quoque
755 4446 866 4515 satiris
888 4446 985 4515 nobis
1008 4452 1186 4515 occurrunt.
