3642 5125
805 514 1003 579 -5...

346 699 441 762 lruius
468 699 651 763 anomaliae
681 698 898 782 exemplorum
929 716 1027 760 unum
1058 702 1181 761 tantum
1205 695 1274 760 iure
1298 716 1369 760 eum
1393 696 1459 760 lau-

347 811 443 875 dasse
464 811 622 875 concedo:
645 811 804 895 111,232‚
826 810 881 875 ubi
905 808 1109 892 uigilando
1132 807 1224 873 breui
1248 807 1360 872 ultima
1382 807 1459 890 legi-

346 945 427 989 mus.
472 925 610 989 Causam
635 924 731 989 huius
755 924 841 1008 uitii,
874 923 961 1005 quod
983 923 1016 986 iu
1041 921 1184 988 Senecae
1207 939 1347 1004 quoque,
1376 939 1460 1002 quac

346 1039 509 1123 dicuntur,
539 1037 716 1120 tragoediis
747 1036 901 1121 occurrit,
939 1056 1009 1101 cnm
1045 1033 1253 1118 uincendo,
1289 1033 1459 1116 lugendo

346 1152 538 1236 praebeant,
574 1149 669 1214 facile
693 1149 927 1234 intellegimus,
964 1149 992 1213 si
1016 1147 1273 1230 consideramus«,
1305 1168 1322 1212 0
1352 1147 1459 1212 finalis

346 1264 579 1348 correptionem
604 1282 675 1326 cum
699 1281 800 1344 usque
820 1261 861 1326 ad
879 1262 1060 1344 Augustum
1082 1260 1116 1324 iu
1139 1259 1311 1346 perpaucis
1334 1264 1459 1323 tantum

345 1376 529 1440 nominibus
553 1382 585 1440 et
608 1375 716 1440 uerbis
740 1375 827 1460 apud
850 1381 965 1459 poetas
989 1373 1180 1460 reperiatur,
1212 1372 1288 1438 iude
1319 1371 1361 1436 ab
1389 1371 1459 1436 eius

345 1498 488 1574 tempore
512 1488 554 1554 ad
580 1488 688 1553 omnia
716 1487 784 1552 fere
812 1487 959 1571 nomina,
991 1487 1107 1572 uerba,
1139 1485 1296 1552 aduerbia
1318 1483 1352 1548 iu
1375 1482 1459 1548 hanc

344 1601 487 1666 noralem
519 1601 671 1666 exeuntia
701 1600 869 1684 paullatim
900 1599 1061 1683 progredi.
1113 1599 1192 1664 Cum
1222 1597 1321 1663 etiam
1350 1617 1459 1662 eorum

344 1714 570 1780 aduerbiorum
593 1714 627 1778 in
647 1734 665 1778 o
685 1713 917 1796 desinentium,
942 1732 1025 1795 quae
1044 1717 1075 1778 et
1094 1710 1198 1776 forma
1217 1717 1248 1776 ct
1265 1712 1459 1795 significatio

343 1828 505 1894 ablatiuos
525 1848 597 1894 esse
616 1827 798 1912 ostendunt,
817 1827 930 1892 ultima
949 1826 1076 1909 syllaba
1088 1825 1139 1890 lris
1151 1825 1351 1909 temporibus
1364 1823 1459 1889 corri-

344 1948 480 2025 peretur,
509 1940 635 2006 facilior
658 1941 723 2005 iam
747 1946 816 2005 erat
838 1939 994 2004 transitus
1017 1938 1060 2004 ad
1083 1937 1296 2004 ablatiuorum
1321 1961 1339 2006 o
1363 1940 1459 2006 finale

344 2053 590 2139 corripiendum.
636 2051 852 2119 Nihilominus
875 2051 1016 2134 quinque
1033 2057 1158 2116 tantum
1174 2051 1270 2116 huius
1287 2053 1458 2138 correptio-

343 2166 394 2230 nis
418 2166 567 2247 exempla
590 2166 683 2230 affert
706 2166 742 2230 L.
762 2164 905 2248 Mueller,
930 2165 984 2246 qui
1008 2163 1050 2230 ad
1074 2184 1122 2247 ea,
1146 2183 1229 2246 quae
1253 2184 1351 2250 supra
1375 2186 1458 2230 com-

344 2280 520 2344 memoraui
543 2277 791 2344 mulcendi>
815 2284 940 2343 tantum
963 2283 995 2343 et
1018 2275 1238 2362 laudando,
1263 2297 1345 2359 quae
1371 2276 1458 2362 apud

343 2392 571 2456 Nemesianum
589 2391 801 2476 reperiuntur,
823 2389 978 2456 accedere
998 2389 1087 2454 dicit.
1108 2427 1151 2434 -
1167 2388 1220 2452 Ad
1237 2387 1457 2472 uigilaudd

342 2504 422 2570 illud
445 2504 510 2570 alia
532 2503 694 2586 quaedam
717 2502 884 2587 accedunt,
914 2508 1046 2587 propter
1069 2521 1151 2584 quae
1174 2499 1313 2567 fortasse
1337 2499 1457 2567 dixeris

342 2616 528 2681 quenalem
564 2636 677 2681 uersus
711 2616 921 2697 neglegenter
960 2613 1190 2698 composuisse.
1245 2612 1310 2679 Sed
1345 2614 1458 2679 horum

342 2750 494 2794 uumerus
516 2749 589 2793 cum
612 2730 655 2794 sit
677 2729 873 2813 perexiguus
896 2736 928 2794 et
952 2728 1072 2793 similia
1095 2726 1192 2793 etiam
1212 2728 1300 2812 apud
1321 2727 1459 2812 optimos

342 2848 455 2924 poetas
479 2840 601 2925 uideas,
624 2841 809 2906 quenalem
833 2841 902 2905 iure
925 2840 959 2906 in
978 2840 1040 2905 hoc
1056 2840 1176 2905 crimen
1194 2840 1305 2905 uocari
1328 2840 1458 2905 omuino

342 2974 436 3035 nego.
482 2954 518 3019 si
548 2954 730 3037 prnam
753 2954 812 3041 (cf.
841 2954 999 3019 Prodeant.
1022 2952 1140 3040 Apotb.
1170 2952 1249 3038 197)
1271 2953 1358 3037 VIII,
1385 2952 1457 3033 157,

342 3066 546 3130 Vaticano
568 3067 623 3150 VI,
644 3067 718 3150 344,
743 3066 771 3130 si
794 3066 832 3150 V,
850 3065 894 3129 45
920 3065 1118 3130 euvinus:
1143 3065 1293 3149 ponenti
1321 3070 1353 3130 et
1375 3064 1458 3130 tibi

341 3184 416 3244 aute
447 3180 661 3265 zelotypus
692 3180 840 3265 scripsit,
871 3178 984 3243 horum
1013 3178 1255 3244 excusationem
1290 3178 1392 3243 habes
1423 3177 1457 3243 in

341 3312 389 3375 eo,
414 3291 500 3373 quod
530 3292 695 3357 nominum
724 3291 927 3376 propriorum
952 3296 984 3356 et
1013 3290 1245 3370 uocabulorum
1267 3310 1456 3373 graecorum
1557 3351 1559 3357 ,

341 3402 471 3468 liberior
505 3404 539 3470 in
574 3405 721 3471 uersibus
758 3410 807 3470 est
839 3423 928 3489 usus,
970 3403 1136 3486 uulgarem
1166 3410 1273 3469 autem
1307 3403 1455 3469 uocabnli

341 3650 404 3703 sich
431 3664 489 3703 vora
517 3648 581 3700 dero
607 3647 764 3699 erb'rtcrten
790 3643 1017 3714 Gesiclrtapunlrt
1045 3660 1100 3699 aas
1124 3646 1198 3699 auch
1222 3644 1274 3699 der
1290 3648 1455 3715 proceleus-

341 3737 484 3791 maticos:
503 3733 730 3803 strigilibus,
749 3734 802 3787 der
819 3733 883 3786 siclt
900 3734 978 3787 nach
995 3734 1076 3787 Jabm
1095 3734 1127 3787 c'o
1145 3734 1201 3789 deo
1221 3734 1286 3789 ΜΕ.
1305 3734 1349 3787 Ρω
1366 3735 1456 3806 findet

341 3828 402 3880 aad
422 3825 485 3879 sicb
509 3825 541 3878 in
560 3825 616 3877 dea
633 3822 928 3892 vorpitboeanc'scbcn
946 3822 1101 3893 Ausqaben
1119 3822 1250 3877 erbiclt.“
1279 3824 1350 3878 Tum
1369 3822 1455 3891 igitur

340 3914 400 3970 fiori
412 3928 499 3983 posse
510 3912 591 3966 nobis
602 3910 751 3979 constabit,
769 3916 801 3963 ut
813 3910 966 3979 quenalis,
982 3911 1058 3979 quod
1074 3926 1155 3964 nemo
1171 3926 1293 3979 uuquam
1303 3915 1390 3980 poeta
1399 3912 1453 3965 Ro-

344 4019 444 4057 manus
464 4000 610 4068 commisit,
630 4000 707 4069 quod
725 3999 823 4054 unicae
843 3998 942 4053 Sortes
961 3999 1024 4054 illae
1043 3999 1128 4071 (quae
1145 4000 1273 4069 quamuis
1289 4000 1454 4071 hexametri,

341 4091 515 4160 compositae
535 4094 602 4144 sunt
620 4106 654 4143 ea
672 4089 796 4157 ratione,
823 4104 879 4157 qua
902 4089 1021 4143 Plautus
1046 4094 1075 4143 et
1092 4088 1244 4143 Terentius
1263 4106 1364 4145 uersus
1385 4106 1453 4145 suos

341 4179 571 4249 composuerunt)
590 4179 752 4246 ostendunt,
771 4178 799 4231 in
818 4178 983 4233 hexametro
1000 4178 1074 4233 arsin
1088 4178 1116 4231 in
1129 4178 1200 4232 duas
1211 4178 1315 4234 breues
1328 4178 1452 4234 soluerit.

340 4271 427 4337 Puto,
451 4269 475 4323 si
499 4268 556 4321 ulla
579 4268 633 4321 alia
651 4267 679 4319 in
698 4283 741 4334 re,
766 4267 794 4320 in
813 4284 843 4321 re
863 4267 979 4321 metrica
998 4267 1102 4321 dictum
1121 4267 1189 4320 illud
1207 4282 1323 4321 aureum
1342 4268 1452 4321 Horatii

340 4358 450 4413 ualere:
547 4357 602 4411 Est
619 4357 720 4411 modus
739 4357 767 4409 in
784 4356 879 4424 rebus,
898 4359 966 4411 aunt
985 4355 1053 4411 certi
1072 4356 1192 4425 denique
1212 4354 1292 4425 fines,

553 4461 625 4515 quos
644 4447 718 4500 ultra
736 4446 848 4515 citaque
866 4446 966 4515 nequit
983 4445 1140 4501 consistere
1158 4449 1274 4499 rectum.
