3642 5125
699 487 1065 627 ι-46--’

454 721 589 786 Nullum
611 725 716 801 igitur
737 725 825 787 inter
842 726 971 803 priores
991 723 1157 787 quenalis
1178 723 1298 786 satiras
1318 727 1351 784 et
1375 728 1480 801 poste·

362 833 470 896 riores
488 825 663 899 discrimen
683 855 766 912 esse,
791 815 878 915 quod
895 839 1023 915 quidem
1040 838 1253 916 suspitionem
1277 838 1480 900 diuersorum

362 952 531 1010 auctorum
542 967 673 1011 mouere
689 955 812 1027 posset,
835 955 869 1012 et
885 951 992 1024 ineis,
1015 967 1098 1026 quae
1118 955 1214 1011 antea
1233 951 1313 1011 etin
1329 949 1380 1011 cis
1398 965 1480 1025 quae

361 1060 396 1120 in
408 1060 472 1121 hac
486 1060 601 1123 ultima
615 1043 857 1123 dissertationis
868 1067 972 1139 parte,
984 1063 1209 1137 tractauimus,
1225 1062 1417 1139 reperimus.
1442 1057 1481 1122 Id

362 1177 479 1257 autem,
504 1171 545 1238 de
568 1192 631 1254 quo
654 1191 757 1252 usque
785 1171 890 1237 adhuc
921 1191 1048 1256 semper
1079 1170 1251 1237 constabat
1278 1171 1362 1235 inter
1392 1169 1479 1234 uiros

362 1281 491 1368 doctos,
522 1283 672 1366 quodque
702 1303 764 1366 ego
794 1283 891 1366 longe
921 1283 1035 1348 absum
1066 1290 1100 1347 ut
1130 1283 1248 1348 infitier
1269 1283 1479 1368 placidiorem

341 1394 434 1461 dieo
457 1395 672 1480 posteriorum
696 1397 868 1462 satirarum
893 1396 1071 1462 orationem
1097 1403 1128 1462 et
1146 1397 1301 1474 maiorem
1325 1401 1480 1480 exparte

359 1527 551 1594 languorem
575 1516 607 1575 et
629 1516 783 1595 teporem,
808 1510 934 1576 duabus
959 1531 998 1577 en
1017 1511 1125 1576 causis
1143 1532 1183 1576 ne
1201 1511 1326 1575 minimi
1349 1509 1478 1591 quidem

360 1622 514 1687 momenti
537 1629 587 1687 est
609 1622 695 1704 quod
715 1623 831 1687 attinet
849 1622 892 1687 ad
909 1629 1052 1687 nostram
1076 1622 1313 1704 quaestionem:
1337 1623 1479 1687 Primum

361 1733 446 1798 enim
469 1733 555 1798 idem
585 1734 673 1798 ualet
703 1734 802 1799 etiam
829 1734 862 1799 in
887 1740 960 1799 satt.
984 1735 1046 1800 VH
1069 1741 1101 1800 et
1123 1736 1211 1819 VIII,
1236 1755 1369 1817 quarum
1393 1742 1479 1801 utra-

361 1866 423 1928 que
447 1845 674 1911 commentatio
704 1846 813 1930 potins
837 1853 886 1912 est
908 1867 966 1931 per
990 1846 1089 1910 otium
1113 1848 1298 1930 excogitata
1321 1855 1352 1912 et
1375 1848 1479 1913 rheto-

361 1959 428 2023 rico
451 1958 548 2022 modo
572 1958 764 2043 conscripta,
788 1978 884 2040 quam
908 1957 1009 2024 satira
1033 1979 1072 2025 ex
1104 1959 1232 2024 ardenti
1255 1959 1478 2042 indignatione

360 2079 457 2154 atque
485 2072 534 2136 ira
563 2069 708 2135 oriunda.
754 2071 837 2134 Tum
867 2090 908 2135 ne
937 2070 971 2134 in
996 2091 1106 2137 omnes
1130 2071 1261 2153 quidem
1285 2072 1478 2139 Ribbeekia-

359 2204 472 2250 narum
490 2183 761 2249 declamationum
779 2179 973 2267 uituperatio
992 2184 1049 2249 illa
1068 2185 1164 2270 cadit,
1190 2206 1261 2250 eum
1285 2192 1317 2252 et
1339 2194 1390 2252 sat
1413 2189 1478 2253 XII

359 2296 457 2380 plane
481 2295 594 2362 eodem
617 2295 731 2360 habitu
754 2294 797 2358 sit
819 2296 916 2380 ccv,
941 2302 972 2360 et
986 2297 1047 2361 XV
1066 2317 1208 2364 summae
1233 2319 1271 2364 ac
1293 2319 1369 2364 uere
1386 2302 1478 2366 que-

355 2409 512 2473 'naiianae
533 2405 770 2490 indignationis
793 2407 836 2472 sit
857 2408 964 2492 plena.
