3642 5125
437 1627 607 1746 dunenalis
630 1679 800 1745 satirarum
819 1677 933 1742 ultima
950 1677 1061 1763 spuria
1078 1676 1120 1742 sit
1135 1696 1177 1742 an
1194 1695 1277 1760 non,
1300 1679 1336 1768 ut
1355 1671 1443 1759 apud

330 1797 456 1855 ueteres
472 1791 625 1856 indicium
645 1811 710 1855 non
729 1790 914 1856 constitisse
938 1789 1114 1856 scholiasta
1136 1808 1196 1854 nos
1219 1787 1327 1873 docet,
1352 1787 1444 1854 cuius

331 1903 374 1966 ad
396 1903 489 1988 XVI,
516 1905 531 1967 1
565 1903 646 1968 haec
668 1911 742 1968 sunt
765 1904 880 1968 uerba:
915 1905 1001 1990 ,Ista
1032 1923 1053 1968 a
1076 1901 1237 1987 plerisque
1261 1900 1445 1986 exploditur

331 2025 363 2081 et
385 2017 501 2082 dicitur
531 2037 595 2081 oon
624 2036 696 2082 esse
723 2015 920 2100 quenalis“,
951 2015 999 2081 ita
1028 2035 1086 2100 per
1108 2019 1208 2079 totam
1232 2019 1372 2080 aetatem
1395 2033 1443 2078 re-

332 2130 505 2194 centiorem
529 2135 578 2194 est
601 2128 829 2194 controuersia.
876 2129 994 2195 Nostro
1022 2134 1129 2193 autem
1158 2125 1287 2192 saeculo
1314 2125 1443 2209 longius

330 2261 521 2326 progressus
544 2248 594 2306 est
618 2242 652 2307 d.
676 2242 858 2326 Kempfius,
883 2242 939 2325 qui
962 2243 1023 2308 XV
1043 2261 1169 2325 quoque
1194 2241 1314 2307 satirae
1337 2247 1444 2306 aucto-

255 2401 258 2405 ·
331 2377 397 2421 rem
420 2376 484 2420 non
508 2375 579 2420 esse
601 2355 787 2420 quenalem
817 2355 850 2419 in
883 2354 1040 2420 Obseruu.
1064 2353 1097 2418 in
1119 2355 1190 2418 qu.
1206 2355 1289 2454 aliq.
1313 2356 1373 2422 loc.
1397 2355 1444 2420 in-

228 2513 232 2525 .
331 2475 427 2552 terpr.
459 2469 562 2534 Berol.
593 2469 678 2533 1843
707 2469 928 2534 demonstrare
958 2473 1092 2533 conatur
1104 2469 1140 2554 ¹).
1192 2469 1359 2534 Postremo
1387 2489 1444 2533 no-

330 2581 482 2646 uissimus
514 2582 679 2647 quenalis
710 2582 830 2666 editor,
864 2583 899 2647 Ο.
929 2581 1128 2647 Ribdcclo'uc
1158 2601 1223 2645 non
1255 2582 1359 2647 solum
1382 2583 1444 2647 XV

331 2700 362 2758 et
373 2694 451 2758 XVI
468 2695 595 2778 spurias
612 2694 721 2777 habet,
745 2694 803 2759 sed
825 2700 955 2778 praeter
978 2712 1035 2757 eas
1057 2693 1104 2776 X,
1135 2694 1218 2777 XII,
1241 2694 1341 2779 XIII,
1365 2694 1444 2759 XIV

332 2806 459 2871 nomine
483 2806 752 2873 declamationum
777 2828 797 2872 a
819 2806 951 2889 reliquis
983 2806 1135 2892 secernit,
1166 2806 1283 2889 quibus
1311 2807 1444 2891 insuper

331 2917 390 3001 IV,
416 2919 523 2982 1-36
553 2920 617 3004 ΧΙ,
644 2919 766 3003 1—55,
791 2918 873 2984 alias
896 2917 1037 2983 minores
1060 2918 1237 3003 particulas
1260 2925 1295 2984 ut
1317 2919 1443 2985 addita-

332 3036 440 3095 menta
463 3030 570 3097 demit.
613 3033 733 3097 Contra
755 3031 976 3096 Heinrichium
1000 3037 1032 3096 et
1053 3031 1237 3117 Kempfium
1260 3031 1444 3096 traditionis

331 3142 425 3207 fidem
449 3143 625 3209 luculenter
648 3145 721 3209 tuiti
753 3151 828 3209 sunt
850 3146 900 3208 W.
925 3146 961 3209 ll.
986 3144 1120 3229 Weber,
1153 3144 1187 3209 Ο.
1211 3146 1264 3209 Fr.
1288 3145 1443 3208 Herman-

332 3273 407 3336 nus,
432 3254 468 3317 L.
490 3255 690 3337 *Doellenius
738 3254 965 3339 Ostenderunt,
991 3256 1099 3321 omnia
1122 3276 1170 3339 ea,
1195 3275 1278 3336 quae
1301 3254 1349 3319 illi
1371 3275 1443 3339 pro-

332 3368 477 3453 tulerint,
502 3375 589 3434 stare
611 3388 675 3431 non
699 3389 813 3452 posse,
838 3370 866 3433 si
891 3374 923 3433 et
946 3374 1113 3450 utramque
1137 3366 1270 3431 satiram
1294 3372 1444 3431 accurate

333 3499 498 3563 compares
526 3500 597 3543 cnm
629 3480 778 3565 reliquis,
809 3500 914 3561 neque
945 3478 1165 3561 obliuiscaris,
1201 3478 1336 3543 alteram
1358 3476 1443 3561 frag-

200 3576 224 3654 ’.
268 3591 272 3596 ’
332 3599 473 3655 mentum
496 3598 621 3655 tantum
644 3612 733 3674 esse,
757 3598 926 3673 utramque
949 3612 969 3655 a
991 3596 1090 3674 poeta
1112 3595 1219 3655 aetate
1242 3589 1444 3673 prouectiorc

332 3724 405 3770 esse
427 3702 590 3787 scriptam.
637 3702 731 3780 Quod
755 3724 827 3767 oum
851 3702 1084 3787 perspicerem,
1108 3720 1146 3765 eo
1170 3702 1276 3781 magis
1299 3701 1443 3787 miratus,

332 3816 418 3898 quod
441 3816 640 3881 Ribbeokius
663 3836 727 3880 non
753 3816 855 3880 solum
880 3835 936 3881 eas
968 3815 1101 3892 satiras,
1133 3834 1216 3897 quae
1238 3813 1378 3879 fortasse
1400 3814 1443 3879 le-

406 4013 427 4085 ¹)
450 4016 506 4071 Vix
532 4015 604 4070 enim
623 4015 894 4070 commemorandum
917 4029 982 4068 esse
1002 4027 1114 4080 censeo,
1132 4011 1186 4065 iam
1207 4009 1240 4065 G.
1259 4012 1281 4065 I.
1300 4011 1443 4081 Vossium,

333 4122 416 4175 quem
434 4105 462 4158 in
481 4104 552 4159 hanc
570 4104 796 4173 disquisitionem
816 4103 919 4156 nnllam
939 4116 1054 4170 operam
1071 4099 1224 4154 contulisse
1244 4116 1278 4154 ex
1297 4098 1388 4167 ipsius
1408 4099 1443 4154 de

332 4195 378 4247 illa
397 4194 483 4247 satira
501 4192 597 4247 verbis
617 4197 751 4261 apparet,
770 4192 798 4245 in
816 4192 920 4246 Institt.
940 4194 1016 4259 poet.
1036 4190 1076 4242 lll
1096 4190 1138 4257 97,
1158 4193 1217 4241 tum
1235 4188 1269 4241 D.
1288 4187 1443 4257 Heinsium,

334 4282 369 4336 de
389 4285 441 4336 sat.
461 4281 540 4335 Rom.
559 4282 586 4347 Ι,
612 4282 646 4334 62
671 4281 769 4350 paucis
793 4280 889 4334 verbis
911 4294 973 4333 eam
991 4278 1119 4333 quenali
1138 4276 1324 4331 abiudioassc.
1360 4276 1444 4330 Heln-

332 4370 435 4424 rIchius
456 4375 549 4423 autem
570 4388 648 4425 suam
668 4371 703 4424 dc
723 4385 757 4424 ea
776 4368 970 4437 suspitionem,
992 4384 1075 4437 quarn
1087 4367 1114 4419 in
1127 4366 1259 4421 editionis
1279 4364 1444 4433 u01.11,22

332 4461 450 4539 profert,
467 4459 531 4528 ipsc
549 4475 615 4529 pag.
634 4460 687 4513 498
705 4458 834 4513 remouit.

1196 4544 1210 4595 1
